<?xml version="1.0" encoding="UTF-8"?>
<!DOCTYPE html PUBLIC "-//W3C//DTD XHTML 1.0 Transitional//EN"
    "http://www.w3.org/TR/xhtml1/DTD/xhtml1-transitional.dtd">
<html xmlns="http://www.w3.org/1999/xhtml" xml:lang="en" lang="en">
 <head>
  <title>
</title>
<meta http-equiv="Content-Type" content="text/html;charset=utf-8" />
  <meta name='ocr-system' content='tesseract 3.04.00' />
  <meta name='ocr-capabilities' content='ocr_page ocr_carea ocr_par ocr_line ocrx_word'/>
</head>
<body>
  <div class='ocr_page' id='page_1' title='image "./caiicrispisallu00bipogoog_0201.png"; bbox 0 0 2787 4602; ppageno 0'>
   <div class='ocr_carea' id='block_1_1' title="bbox 785 363 2270 462">
    <p class='ocr_par' dir='ltr' id='par_1_1' title="bbox 785 363 2270 463">
     <span class='ocr_line' id='line_1_1' title="bbox 785 363 2270 462; baseline -0.001 -18"><span class='ocrx_word' id='word_1_1' title='bbox 785 363 1720 445; x_wconf 56' lang='lat' dir='ltr'>-IUGURTHA&#39;,</span> <span class='ocrx_word' id='word_1_2' title='bbox 2101 381 2270 462; x_wconf 55' lang='lat'>‚1141</span> 
     </span>
    </p>
   </div>
   <div class='ocr_carea' id='block_1_2' title="bbox 292 526 2366 2214">
    <p class='ocr_par' dir='ltr' id='par_1_2' title="bbox 313 526 2270 632">
     <span class='ocr_line' id='line_1_2' title="bbox 313 526 2270 632; baseline -0.004 -22"><span class='ocrx_word' id='word_1_3' title='bbox 313 531 419 618; x_wconf 74' lang='lat' dir='ltr'>,ab</span> <span class='ocrx_word' id='word_1_4' title='bbox 464 530 666 609; x_wconf 86' lang='lat' dir='ltr'>hoste</span> <span class='ocrx_word' id='word_1_5' title='bbox 735 532 1013 632; x_wconf 86' lang='lat' dir='ltr'>copiam</span> <span class='ocrx_word' id='word_1_6' title='bbox 1078 530 1435 630; x_wconf 86' lang='lat' dir='ltr'>pugnandi</span> <span class='ocrx_word' id='word_1_7' title='bbox 1510 527 1665 603; x_wconf 81' lang='lat' dir='ltr'>fieri</span> <span class='ocrx_word' id='word_1_8' title='bbox 1688 582 1715 623; x_wconf 86' lang='lat'><strong>,</strong></span> <span class='ocrx_word' id='word_1_9' title='bbox 1775 526 2023 603; x_wconf 87' lang='lat' dir='ltr'>urbem</span> <span class='ocrx_word' id='word_1_10' title='bbox 2072 553 2270 628; x_wconf 57' lang='lat' dir='ltr'>mag-,-</span> 
     </span>
    </p>

    <p class='ocr_par' dir='ltr' id='par_1_3' title="bbox 314 642 2270 754">
     <span class='ocr_line' id='line_1_3' title="bbox 314 642 2270 754; baseline 0.001 -29"><span class='ocrx_word' id='word_1_11' title='bbox 314 681 492 731; x_wconf 15' lang='lat' dir='ltr'>*nam</span> <span class='ocrx_word' id='word_1_12' title='bbox 517 709 544 747; x_wconf 88' lang='lat'><strong>,</strong></span> <span class='ocrx_word' id='word_1_13' title='bbox 587 674 659 729; x_wconf 94' lang='lat' dir='ltr'>et</span> <span class='ocrx_word' id='word_1_14' title='bbox 691 654 765 728; x_wconf 88' lang='lat' dir='ltr'>in</span> <span class='ocrx_word' id='word_1_15' title='bbox 814 679 896 730; x_wconf 87' lang='lat' dir='ltr'>ea</span> <span class='ocrx_word' id='word_1_16' title='bbox 934 671 1129 753; x_wconf 85' lang='lat' dir='ltr'>parte</span> <span class='ocrx_word' id='word_1_17' title='bbox 1149 707 1175 745; x_wconf 85' lang='lat'>‚</span> <span class='ocrx_word' id='word_1_18' title='bbox 1208 681 1348 754; x_wconf 90' lang='lat' dir='ltr'>qua</span> <span class='ocrx_word' id='word_1_19' title='bbox 1392 654 1520 727; x_wconf 87' lang='lat' dir='ltr'>fita</span> <span class='ocrx_word' id='word_1_20' title='bbox 1549 642 1740 747; x_wconf 65' lang='lat' dir='ltr'>erat,</span> <span class='ocrx_word' id='word_1_21' title='bbox 1776 679 2008 729; x_wconf 86' lang='lat' dir='ltr'>arcem</span> <span class='ocrx_word' id='word_1_22' title='bbox 2037 656 2270 753; x_wconf 85' lang='lat' dir='ltr'>regni,</span> 
     </span>
    </p>

    <p class='ocr_par' dir='ltr' id='par_1_4' title="bbox 292 773 2316 2096">
     <span class='ocr_line' id='line_1_4' title="bbox 321 773 2272 875; baseline -0.001 -22"><span class='ocrx_word' id='word_1_23' title='bbox 321 779 617 853; x_wconf 87' lang='lat' dir='ltr'>nomine</span> <span class='ocrx_word' id='word_1_24' title='bbox 665 778 944 851; x_wconf 83' lang='lat' dir='ltr'>Zamam</span> <span class='ocrx_word' id='word_1_25' title='bbox 964 830 988 869; x_wconf 91' lang='lat'><strong>,</strong></span> <span class='ocrx_word' id='word_1_26' title='bbox 1039 773 1274 849; x_wconf 87' lang='lat' dir='ltr'>statuit</span> <span class='ocrx_word' id='word_1_27' title='bbox 1351 796 1814 875; x_wconf 52' lang='lat' dir='ltr'>oppugnarej</span> <span class='ocrx_word' id='word_1_28' title='bbox 1883 791 2073 849; x_wconf 85' lang='lat' dir='ltr'>ratus</span> <span class='ocrx_word' id='word_1_29' title='bbox 2148 778 2222 851; x_wconf 87' lang='lat' dir='ltr'>id</span> <span class='ocrx_word' id='word_1_30' title='bbox 2237 830 2272 868; x_wconf 84' lang='lat'>,</span> 
     </span>
     <span class='ocr_line' id='line_1_5' title="bbox 320 884 2273 1001; baseline -0.002 -27"><span class='ocrx_word' id='word_1_31' title='bbox 320 900 527 1001; x_wconf 89' lang='lat' dir='ltr'>quod</span> <span class='ocrx_word' id='word_1_32' title='bbox 548 900 909 999; x_wconf 80' lang='lat' dir='ltr'>negotium</span> <span class='ocrx_word' id='word_1_33' title='bbox 946 884 1277 997; x_wconf 86' lang='lat' dir='ltr'>poscebat</span> <span class='ocrx_word' id='word_1_34' title='bbox 1298 951 1322 988; x_wconf 88' lang='lat'><strong>,</strong></span> <span class='ocrx_word' id='word_1_35' title='bbox 1359 898 1767 995; x_wconf 84' lang='lat' dir='ltr'>Iugurtham</span> <span class='ocrx_word' id='word_1_36' title='bbox 1793 895 2273 981; x_wconf 78' lang='lat' dir='ltr'>laborantibus</span> 
     </span>
     <span class='ocr_line' id='line_1_6' title="bbox 321 1018 2273 1119; baseline -0.001 -24"><span class='ocrx_word' id='word_1_37' title='bbox 321 1020 468 1098; x_wconf 85' lang='lat' dir='ltr'>suis</span> <span class='ocrx_word' id='word_1_38' title='bbox 522 1022 785 1097; x_wconf 86' lang='lat' dir='ltr'>auxilio</span> <span class='ocrx_word' id='word_1_39' title='bbox 823 1036 1203 1098; x_wconf 79' lang='lat' dir='ltr'>venturum</span> <span class='ocrx_word' id='word_1_40' title='bbox 1224 1075 1250 1112; x_wconf 91' lang='lat'><strong>,</strong></span> <span class='ocrx_word' id='word_1_41' title='bbox 1291 1020 1532 1118; x_wconf 86' lang='lat' dir='ltr'>ibique</span> <span class='ocrx_word' id='word_1_42' title='bbox 1585 1021 1925 1119; x_wconf 85' lang='lat' dir='ltr'>praelium</span> <span class='ocrx_word' id='word_1_43' title='bbox 1971 1018 2149 1094; x_wconf 88' lang='lat' dir='ltr'>fore.</span> <span class='ocrx_word' id='word_1_44' title='bbox 2173 1023 2273 1093; x_wconf 82' lang='lat' dir='ltr'>At</span> 
     </span>
     <span class='ocr_line' id='line_1_7' title="bbox 312 1139 2276 1243; baseline 0.001 -25"><span class='ocrx_word' id='word_1_45' title='bbox 312 1141 491 1235; x_wconf 70' lang='lat' dir='ltr'>ille,</span> <span class='ocrx_word' id='word_1_46' title='bbox 515 1167 693 1242; x_wconf 81' lang='lat' dir='ltr'>quae</span> <span class='ocrx_word' id='word_1_47' title='bbox 718 1142 1141 1243; x_wconf 85' lang='lat' dir='ltr'>parabantur</span> <span class='ocrx_word' id='word_1_48' title='bbox 1169 1197 1193 1234; x_wconf 92' lang='lat'>,</span> <span class='ocrx_word' id='word_1_49' title='bbox 1221 1167 1263 1215; x_wconf 87' lang='lat' dir='ltr'>a</span> <span class='ocrx_word' id='word_1_50' title='bbox 1312 1139 1622 1240; x_wconf 86' lang='lat' dir='ltr'>perfugis</span> <span class='ocrx_word' id='word_1_51' title='bbox 1658 1140 1946 1215; x_wconf 62' lang='lat' dir='ltr'>edoctus</span> <span class='ocrx_word' id='word_1_52' title='bbox 1966 1193 1989 1234; x_wconf 87' lang='lat'>‚</span> <span class='ocrx_word' id='word_1_53' title='bbox 2009 1143 2276 1240; x_wconf 83' lang='lat' dir='ltr'>magnis</span> 
     </span>
     <span class='ocr_line' id='line_1_8' title="bbox 316 1244 2273 1362; baseline 0 -23"><span class='ocrx_word' id='word_1_54' title='bbox 316 1263 696 1339; x_wconf 83' lang='lat' dir='ltr'>itineribus</span> <span class='ocrx_word' id='word_1_55' title='bbox 742 1263 1110 1338; x_wconf 89' lang='lat' dir='ltr'>Metellum</span> <span class='ocrx_word' id='word_1_56' title='bbox 1155 1244 1557 1352; x_wconf 56' lang='lat' dir='ltr'>anteirenit3</span> <span class='ocrx_word' id='word_1_57' title='bbox 1593 1263 1986 1362; x_wconf 81' lang='lat' dir='ltr'>oppidanos</span> <span class='ocrx_word' id='word_1_58' title='bbox 2030 1265 2273 1339; x_wconf 82' lang='lat' dir='ltr'>horta-</span> 
     </span>
     <span class='ocr_line' id='line_1_9' title="bbox 324 1384 2279 1484; baseline -0.001 -25"><span class='ocrx_word' id='word_1_59' title='bbox 324 1401 498 1477; x_wconf 82' lang='lat' dir='ltr'>tur,</span> <span class='ocrx_word' id='word_1_60' title='bbox 539 1385 819 1460; x_wconf 86' lang='lat' dir='ltr'>moenia</span> <span class='ocrx_word' id='word_1_61' title='bbox 863 1384 1239 1459; x_wconf 85' lang='lat' dir='ltr'>defendant</span> <span class='ocrx_word' id='word_1_62' title='bbox 1262 1439 1287 1477; x_wconf 90' lang='lat'><strong>,</strong></span> <span class='ocrx_word' id='word_1_63' title='bbox 1337 1384 1587 1459; x_wconf 85' lang='lat' dir='ltr'>additis</span> <span class='ocrx_word' id='word_1_64' title='bbox 1617 1385 1882 1459; x_wconf 83' lang='lat' dir='ltr'>auxilio</span> <span class='ocrx_word' id='word_1_65' title='bbox 1922 1384 2279 1484; x_wconf 51' lang='lat' dir='ltr'>perfugia</span> 
     </span>
     <span class='ocr_line' id='line_1_10' title="bbox 314 1505 2302 1609; baseline 0.002 -29"><span class='ocrx_word' id='word_1_66' title='bbox 314 1507 526 1609; x_wconf 78' lang='lat' dir='ltr'>quod</span> <span class='ocrx_word' id='word_1_67' title='bbox 555 1530 770 1607; x_wconf 86' lang='lat' dir='ltr'>genus</span> <span class='ocrx_word' id='word_1_68' title='bbox 810 1533 897 1581; x_wconf 85' lang='lat' dir='ltr'>ex</span> <span class='ocrx_word' id='word_1_69' title='bbox 946 1505 1399 1606; x_wconf 59' lang='lat' dir='ltr'>copiis‘regis</span> <span class='ocrx_word' id='word_1_70' title='bbox 1415 1560 1439 1599; x_wconf 91' lang='lat'><strong>,</strong></span> <span class='ocrx_word' id='word_1_71' title='bbox 1489 1508 1654 1607; x_wconf 86' lang='lat' dir='ltr'>quia</span> <span class='ocrx_word' id='word_1_72' title='bbox 1711 1505 1950 1581; x_wconf 87' lang='lat' dir='ltr'>fallere</span> <span class='ocrx_word' id='word_1_73' title='bbox 2014 1509 2267 1608; x_wconf 74' lang='lat' dir='ltr'>nequi-</span> <span class='ocrx_word' id='word_1_74' title='bbox 2301 1580 2302 1583; x_wconf 74' lang='grc'>,</span> 
     </span>
     <span class='ocr_line' id='line_1_11' title="bbox 292 1626 2279 1728; baseline 0.001 -24"><span class='ocrx_word' id='word_1_75' title='bbox 292 1702 297 1711; x_wconf 14' lang='grc' dir='ltr'><strong><em>ἐ</em></strong></span> <span class='ocrx_word' id='word_1_76' title='bbox 320 1626 499 1704; x_wconf 87' lang='lat' dir='ltr'>bant</span> <span class='ocrx_word' id='word_1_77' title='bbox 538 1651 559 1684; x_wconf 86' lang='lat'><em>¹</em></span> <span class='ocrx_word' id='word_1_78' title='bbox 576 1683 603 1722; x_wconf 89' lang='lat'>‚</span> <span class='ocrx_word' id='word_1_79' title='bbox 622 1627 1121 1703; x_wconf 83' lang='lat' dir='ltr'>firmiffumum.</span> <span class='ocrx_word' id='word_1_80' title='bbox 1155 1628 1517 1703; x_wconf 86' lang='lat' dir='ltr'>Praeterea</span> <span class='ocrx_word' id='word_1_81' title='bbox 1544 1629 1964 1728; x_wconf 86' lang='lat' dir='ltr'>pollicetur,</span> <span class='ocrx_word' id='word_1_82' title='bbox 1994 1630 2068 1704; x_wconf 88' lang='lat' dir='ltr'>in</span> <span class='ocrx_word' id='word_1_83' title='bbox 2092 1651 2279 1705; x_wconf 87' lang='lat' dir='ltr'>tem·-</span> 
     </span>
     <span class='ocr_line' id='line_1_12' title="bbox 316 1748 2275 1850; baseline 0.001 -25"><span class='ocrx_word' id='word_1_84' title='bbox 316 1774 506 1849; x_wconf 79' lang='lat' dir='ltr'>pore</span> <span class='ocrx_word' id='word_1_85' title='bbox 547 1750 761 1824; x_wconf 90' lang='lat' dir='ltr'>semet</span> <span class='ocrx_word' id='word_1_86' title='bbox 802 1775 964 1822; x_wconf 85' lang='lat' dir='ltr'>cum</span> <span class='ocrx_word' id='word_1_87' title='bbox 1015 1750 1325 1824; x_wconf 77' lang='lat' dir='ltr'>exercitu</span> <span class='ocrx_word' id='word_1_88' title='bbox 1378 1748 1648 1823; x_wconf 86' lang='lat' dir='ltr'>adfore.</span> <span class='ocrx_word' id='word_1_89' title='bbox 1700 1752 1803 1824; x_wconf 90' lang='lat' dir='ltr'>Ita</span> <span class='ocrx_word' id='word_1_90' title='bbox 1870 1754 2275 1850; x_wconf 86' lang='lat' dir='ltr'>compofitis</span> 
     </span>
     <span class='ocr_line' id='line_1_13' title="bbox 326 1870 2284 1970; baseline 0.002 -24"><span class='ocrx_word' id='word_1_91' title='bbox 326 1871 539 1946; x_wconf 85' lang='lat' dir='ltr'>rebus</span> <span class='ocrx_word' id='word_1_92' title='bbox 562 1927 590 1963; x_wconf 94' lang='lat'><strong><em>,</em></strong></span> <span class='ocrx_word' id='word_1_93' title='bbox 617 1874 692 1946; x_wconf 89' lang='lat' dir='ltr'>in</span> <span class='ocrx_word' id='word_1_94' title='bbox 720 1873 882 1945; x_wconf 88' lang='lat' dir='ltr'>loca</span> <span class='ocrx_word' id='word_1_95' title='bbox 922 1894 1131 1970; x_wconf 85' lang='lat' dir='ltr'>quam</span> <span class='ocrx_word' id='word_1_96' title='bbox 1150 1880 1483 1942; x_wconf 82' lang='lat' dir='ltr'>‘maxume</span> <span class='ocrx_word' id='word_1_97' title='bbox 1509 1872 1790 1944; x_wconf 90' lang='lat' dir='ltr'>occulta</span> <span class='ocrx_word' id='word_1_98' title='bbox 1816 1870 2146 1966; x_wconf 87' lang='lat' dir='ltr'>discedit,</span> <span class='ocrx_word' id='word_1_99' title='bbox 2190 1900 2284 1949; x_wconf 81' lang='lat' dir='ltr'>ac</span> 
     </span>
     <span class='ocr_line' id='line_1_14' title="bbox 322 1988 2316 2096; baseline 0.003 -30"><span class='ocrx_word' id='word_1_100' title='bbox 322 1992 488 2093; x_wconf 83' lang='lat' dir='ltr'>post</span> <span class='ocrx_word' id='word_1_101' title='bbox 531 1995 772 2093; x_wconf 86' lang='lat' dir='ltr'>paullo</span> <span class='ocrx_word' id='word_1_102' title='bbox 800 1988 1195 2090; x_wconf 85' lang='lat' dir='ltr'>cognoscit,</span> <span class='ocrx_word' id='word_1_103' title='bbox 1218 1991 1520 2063; x_wconf 88' lang='lat' dir='ltr'>Marium</span> <span class='ocrx_word' id='word_1_104' title='bbox 1563 2016 1652 2067; x_wconf 81' lang='lat' dir='ltr'>ex</span> <span class='ocrx_word' id='word_1_105' title='bbox 1687 1992 1934 2067; x_wconf 89' lang='lat' dir='ltr'>itinere</span> <span class='ocrx_word' id='word_1_106' title='bbox 1964 1992 2316 2096; x_wconf 30' lang='lat' dir='ltr'>fiumen-1</span> 
     </span>
    </p>

    <p class='ocr_par' dir='ltr' id='par_1_5' title="bbox 320 2112 2366 2214">
     <span class='ocr_line' id='line_1_15' title="bbox 320 2112 2366 2214; baseline 0.002 -23"><span class='ocrx_word' id='word_1_107' title='bbox 320 2133 555 2201; x_wconf 61' lang='lat' dir='ltr'>‚tatum</span> <span class='ocrx_word' id='word_1_108' title='bbox 611 2141 772 2190; x_wconf 91' lang='lat' dir='ltr'>cum</span> <span class='ocrx_word' id='word_1_109' title='bbox 806 2114 1076 2214; x_wconf 46' lang='lat' dir='ltr'>‘paucis</span> <span class='ocrx_word' id='word_1_110' title='bbox 1137 2112 1555 2189; x_wconf 83' lang='lat' dir='ltr'>cohortibus</span> <span class='ocrx_word' id='word_1_111' title='bbox 1610 2114 1877 2209; x_wconf 77' lang='lat' dir='ltr'>Siccam</span> <span class='ocrx_word' id='word_1_112' title='bbox 1944 2117 2218 2193; x_wconf 82' lang='lat' dir='ltr'>miffum</span> <span class='ocrx_word' id='word_1_113' title='bbox 2247 2148 2271 2195; x_wconf 72' lang='grc' dir='ltr'><em>τ</em></span> <span class='ocrx_word' id='word_1_114' title='bbox 2360 2172 2366 2180; x_wconf 90' lang='lat'>-</span> 
     </span>
    </p>
   </div>
   <div class='ocr_carea' id='block_1_3' title="bbox 323 2235 2408 2342">
    <p class='ocr_par' dir='ltr' id='par_1_6' title="bbox 323 2235 2408 2342">
     <span class='ocr_line' id='line_1_16' title="bbox 323 2235 2408 2342; baseline -0.002 -30"><span class='ocrx_word' id='word_1_115' title='bbox 323 2240 526 2338; x_wconf 87' lang='lat' dir='ltr'>quod</span> <span class='ocrx_word' id='word_1_116' title='bbox 556 2240 898 2339; x_wconf 87' lang='lat' dir='ltr'>oppidum</span> <span class='ocrx_word' id='word_1_117' title='bbox 930 2239 1235 2336; x_wconf 89' lang='lat' dir='ltr'>primum</span> <span class='ocrx_word' id='word_1_118' title='bbox 1271 2237 1591 2315; x_wconf 88' lang='lat' dir='ltr'>omnium</span> <span class='ocrx_word' id='word_1_119' title='bbox 1614 2235 1772 2336; x_wconf 87' lang='lat' dir='ltr'>post</span> <span class='ocrx_word' id='word_1_120' title='bbox 1798 2239 2054 2338; x_wconf 76' lang='lat' dir='ltr'>malam</span> <span class='ocrx_word' id='word_1_121' title='bbox 2089 2266 2277 2342; x_wconf 79' lang='lat' dir='ltr'>pug-</span> <span class='ocrx_word' id='word_1_122' title='bbox 2403 2241 2408 2246; x_wconf 89' lang='grc'><strong><em>’</em></strong></span> 
     </span>
    </p>
   </div>
   <div class='ocr_carea' id='block_1_4' title="bbox 227 2355 2278 3444">
    <p class='ocr_par' dir='ltr' id='par_1_7' title="bbox 227 2355 2278 3444">
     <span class='ocr_line' id='line_1_17' title="bbox 265 2355 2278 2463; baseline -0.001 -23"><span class='ocrx_word' id='word_1_123' title='bbox 265 2453 271 2460; x_wconf 33' lang='grc'><strong>,</strong></span> <span class='ocrx_word' id='word_1_124' title='bbox 320 2387 492 2440; x_wconf 84' lang='lat' dir='ltr'>nam</span> <span class='ocrx_word' id='word_1_125' title='bbox 557 2361 646 2434; x_wconf 87' lang='lat' dir='ltr'>ab</span> <span class='ocrx_word' id='word_1_126' title='bbox 705 2386 867 2460; x_wconf 86' lang='lat' dir='ltr'>rege</span> <span class='ocrx_word' id='word_1_127' title='bbox 916 2359 1286 2452; x_wconf 84' lang='lat' dir='ltr'>defecerat.</span> <span class='ocrx_word' id='word_1_128' title='bbox 1347 2362 1456 2435; x_wconf 87' lang='lat' dir='ltr'>Eo</span> <span class='ocrx_word' id='word_1_129' title='bbox 1527 2386 1700 2450; x_wconf 89' lang='lat' dir='ltr'>cum</span> <span class='ocrx_word' id='word_1_130' title='bbox 1746 2360 2010 2438; x_wconf 69' lang='lat' dir='ltr'>dilectis</span> <span class='ocrx_word' id='word_1_131' title='bbox 2074 2355 2278 2463; x_wconf 81' lang='lat' dir='ltr'>equi·-</span> 
     </span>
     <span class='ocr_line' id='line_1_18' title="bbox 319 2481 2275 2581; baseline 0.001 -23"><span class='ocrx_word' id='word_1_132' title='bbox 319 2483 516 2558; x_wconf 74' lang='lat' dir='ltr'>tibus</span> <span class='ocrx_word' id='word_1_133' title='bbox 549 2482 767 2556; x_wconf 66' lang='lat' dir='ltr'>nocht</span> <span class='ocrx_word' id='word_1_134' title='bbox 800 2484 1062 2581; x_wconf 87' lang='lat' dir='ltr'>pergit,</span> <span class='ocrx_word' id='word_1_135' title='bbox 1109 2501 1182 2555; x_wconf 91' lang='lat' dir='ltr'>et</span> <span class='ocrx_word' id='word_1_136' title='bbox 1216 2484 1353 2554; x_wconf 88' lang='lat' dir='ltr'>iam</span> <span class='ocrx_word' id='word_1_137' title='bbox 1384 2481 1899 2580; x_wconf 82' lang='lat' dir='ltr'>egredientibus</span> <span class='ocrx_word' id='word_1_138' title='bbox 1935 2486 2275 2561; x_wconf 82' lang='lat' dir='ltr'>Romanis</span> 
     </span>
     <span class='ocr_line' id='line_1_19' title="bbox 315 2603 2275 2706; baseline 0.001 -27"><span class='ocrx_word' id='word_1_139' title='bbox 315 2605 406 2690; x_wconf 74' lang='lat' dir='ltr'>in</span> <span class='ocrx_word' id='word_1_140' title='bbox 437 2624 646 2704; x_wconf 88' lang='lat' dir='ltr'>porta</span> <span class='ocrx_word' id='word_1_141' title='bbox 672 2615 975 2706; x_wconf 80' lang='lat' dir='ltr'>pugnam</span> <span class='ocrx_word' id='word_1_142' title='bbox 996 2603 1214 2678; x_wconf 80' lang='lat' dir='ltr'>facit:</span> <span class='ocrx_word' id='word_1_143' title='bbox 1252 2604 1452 2677; x_wconf 88' lang='lat' dir='ltr'>fimul</span> <span class='ocrx_word' id='word_1_144' title='bbox 1495 2628 1746 2702; x_wconf 86' lang='lat' dir='ltr'>magna</span> <span class='ocrx_word' id='word_1_145' title='bbox 1780 2603 1964 2680; x_wconf 72' lang='lat' dir='ltr'>voce</span> <span class='ocrx_word' id='word_1_146' title='bbox 1993 2610 2275 2681; x_wconf 87' lang='lat' dir='ltr'>Siccen-</span> 
     </span>
     <span class='ocr_line' id='line_1_20' title="bbox 320 2726 2271 2825; baseline 0.002 -25"><span class='ocrx_word' id='word_1_147' title='bbox 320 2727 433 2802; x_wconf 85' lang='lat' dir='ltr'>ses</span> <span class='ocrx_word' id='word_1_148' title='bbox 463 2728 821 2821; x_wconf 80' lang='lat' dir='ltr'>hortatur,</span> <span class='ocrx_word' id='word_1_149' title='bbox 849 2728 957 2804; x_wconf 88' lang='lat' dir='ltr'>uti</span> <span class='ocrx_word' id='word_1_150' title='bbox 977 2726 1292 2825; x_wconf 73' lang='lat' dir='ltr'>cohortis</span> <span class='ocrx_word' id='word_1_151' title='bbox 1318 2726 1406 2799; x_wconf 91' lang='lat' dir='ltr'>ab</span> <span class='ocrx_word' id='word_1_152' title='bbox 1441 2745 1646 2824; x_wconf 90' lang='lat' dir='ltr'>tergo</span> <span class='ocrx_word' id='word_1_153' title='bbox 1680 2726 2228 2804; x_wconf 84' lang='lat' dir='ltr'>circumveniant</span> <span class='ocrx_word' id='word_1_154' title='bbox 2248 2757 2271 2804; x_wconf 90' lang='lat'><strong>:</strong></span> 
     </span>
     <span class='ocr_line' id='line_1_21' title="bbox 322 2848 2273 2950; baseline 0.001 -24"><span class='ocrx_word' id='word_1_155' title='bbox 322 2849 690 2944; x_wconf 79' lang='lat' dir='ltr'>fortunam</span> <span class='ocrx_word' id='word_1_156' title='bbox 738 2850 1076 2950; x_wconf 85' lang='lat' dir='ltr'>praeclari</span> <span class='ocrx_word' id='word_1_157' title='bbox 1128 2848 1459 2924; x_wconf 84' lang='lat' dir='ltr'>facinoris</span> <span class='ocrx_word' id='word_1_158' title='bbox 1538 2850 1770 2924; x_wconf 85' lang='lat' dir='ltr'>casum</span> <span class='ocrx_word' id='word_1_159' title='bbox 1820 2851 2023 2941; x_wconf 89' lang='lat' dir='ltr'>dare;</span> <span class='ocrx_word' id='word_1_160' title='bbox 2077 2852 2128 2925; x_wconf 83' lang='lat' dir='ltr'><strong>fi</strong></span> <span class='ocrx_word' id='word_1_161' title='bbox 2199 2853 2273 2929; x_wconf 91' lang='lat' dir='ltr'>id</span> 
     </span>
     <span class='ocr_line' id='line_1_22' title="bbox 320 2961 2273 3073; baseline 0.002 -26"><span class='ocrx_word' id='word_1_162' title='bbox 320 2974 627 3049; x_wconf 74' lang='lat' dir='ltr'>‘fecerint</span> <span class='ocrx_word' id='word_1_163' title='bbox 646 3030 671 3067; x_wconf 90' lang='lat'>‚</span> <span class='ocrx_word' id='word_1_164' title='bbox 694 2971 934 3073; x_wconf 88' lang='lat' dir='ltr'>postea</span> <span class='ocrx_word' id='word_1_165' title='bbox 953 2965 1093 3047; x_wconf 79' lang='lat' dir='ltr'>sese</span> <span class='ocrx_word' id='word_1_166' title='bbox 1122 2967 1197 3045; x_wconf 90' lang='lat' dir='ltr'>in</span> <span class='ocrx_word' id='word_1_167' title='bbox 1217 2995 1475 3073; x_wconf 80' lang='lat' dir='ltr'>regn0,</span> <span class='ocrx_word' id='word_1_168' title='bbox 1497 2972 1658 3047; x_wconf 91' lang='lat' dir='ltr'>illos</span> <span class='ocrx_word' id='word_1_169' title='bbox 1679 2974 1751 3046; x_wconf 89' lang='lat' dir='ltr'>in</span> <span class='ocrx_word' id='word_1_170' title='bbox 1778 2961 2097 3051; x_wconf 83' lang='lat' dir='ltr'>libertate</span> <span class='ocrx_word' id='word_1_171' title='bbox 2129 2974 2273 3051; x_wconf 82' lang='lat' dir='ltr'>fine</span> 
     </span>
     <span class='ocr_line' id='line_1_23' title="bbox 325 3093 2272 3194; baseline 0 -20"><span class='ocrx_word' id='word_1_172' title='bbox 325 3116 527 3174; x_wconf 85' lang='lat' dir='ltr'>metu</span> <span class='ocrx_word' id='word_1_173' title='bbox 559 3116 857 3174; x_wconf 85' lang='lat' dir='ltr'>aetatem</span> <span class='ocrx_word' id='word_1_174' title='bbox 911 3096 1208 3172; x_wconf 57' lang='lat' dir='ltr'>acturos.</span> <span class='ocrx_word' id='word_1_175' title='bbox 1240 3098 1363 3182; x_wconf 72' lang='lat' dir='ltr'>Ac,</span> <span class='ocrx_word' id='word_1_176' title='bbox 1380 3098 1457 3170; x_wconf 88' lang='lat' dir='ltr'>ni</span> <span class='ocrx_word' id='word_1_177' title='bbox 1494 3096 1758 3170; x_wconf 84' lang='lat' dir='ltr'>Marius</span> <span class='ocrx_word' id='word_1_178' title='bbox 1802 3093 1985 3194; x_wconf 86' lang='lat' dir='ltr'>figna</span> <span class='ocrx_word' id='word_1_179' title='bbox 2014 3096 2272 3174; x_wconf 83' lang='lat' dir='ltr'>inferre</span> 
     </span>
     <span class='ocr_line' id='line_1_24' title="bbox 227 3217 2270 3320; baseline 0 -26"><span class='ocrx_word' id='word_1_180' title='bbox 227 3225 237 3245; x_wconf 92' lang='lat'>&#39;</span> <span class='ocrx_word' id='word_1_181' title='bbox 321 3237 543 3320; x_wconf 74' lang='lat' dir='ltr'>atque</span> <span class='ocrx_word' id='word_1_182' title='bbox 616 3221 915 3296; x_wconf 81' lang='lat' dir='ltr'>evadere</span> <span class='ocrx_word' id='word_1_183' title='bbox 978 3220 1248 3319; x_wconf 82' lang='lat' dir='ltr'>oppido</span> <span class='ocrx_word' id='word_1_184' title='bbox 1319 3217 1829 3318; x_wconf 79' lang='lat' dir='ltr'>properaviffet</span> <span class='ocrx_word' id='word_1_185' title='bbox 1857 3271 1882 3310; x_wconf 90' lang='lat'><strong><em>‚</em></strong></span> <span class='ocrx_word' id='word_1_186' title='bbox 1948 3220 2270 3318; x_wconf 62' lang='lat' dir='ltr'>profecto</span> 
     </span>
     <span class='ocr_line' id='line_1_25' title="bbox 321 3340 2270 3444; baseline -0.002 -25"><span class='ocrx_word' id='word_1_187' title='bbox 321 3340 561 3419; x_wconf 70' lang='lat' dir='ltr'>cunffi</span> <span class='ocrx_word' id='word_1_188' title='bbox 585 3396 610 3435; x_wconf 84' lang='lat'>‚</span> <span class='ocrx_word' id='word_1_189' title='bbox 657 3360 784 3417; x_wconf 83' lang='lat' dir='ltr'>aut</span> <span class='ocrx_word' id='word_1_190' title='bbox 818 3368 1067 3443; x_wconf 82' lang='lat' dir='ltr'>magna</span> <span class='ocrx_word' id='word_1_191' title='bbox 1110 3366 1268 3444; x_wconf 83' lang='lat' dir='ltr'>pars</span> <span class='ocrx_word' id='word_1_192' title='bbox 1303 3343 1719 3418; x_wconf 86' lang='lat' dir='ltr'>Siccenfium</span> <span class='ocrx_word' id='word_1_193' title='bbox 1775 3341 1986 3415; x_wconf 86' lang='lat' dir='ltr'>fidem</span> <span class='ocrx_word' id='word_1_194' title='bbox 2039 3362 2270 3416; x_wconf 87' lang='lat' dir='ltr'>muta-</span> 
     </span>
    </p>
   </div>
   <div class='ocr_carea' id='block_1_5' title="bbox 172 3463 2268 3570">
    <p class='ocr_par' dir='ltr' id='par_1_8' title="bbox 172 3463 2268 3570">
     <span class='ocr_line' id='line_1_26' title="bbox 172 3463 2268 3570; baseline -0.002 -25"><span class='ocrx_word' id='word_1_195' title='bbox 172 3489 175 3492; x_wconf 71' lang='grc'><strong>’</strong></span> <span class='ocrx_word' id='word_1_196' title='bbox 325 3466 603 3545; x_wconf 77' lang='lat' dir='ltr'>viss&#39;ent.</span> <span class='ocrx_word' id='word_1_197' title='bbox 662 3485 865 3570; x_wconf 23' lang='lat' dir='ltr'>tant-a·</span> <span class='ocrx_word' id='word_1_198' title='bbox 919 3467 1312 3541; x_wconf 83' lang='lat' dir='ltr'>mobilitate</span> <span class='ocrx_word' id='word_1_199' title='bbox 1386 3463 1528 3539; x_wconf 83' lang='lat' dir='ltr'>sese</span> <span class='ocrx_word' id='word_1_200' title='bbox 1604 3465 1951 3556; x_wconf 82' lang='lat' dir='ltr'>Numidae</span> <span class='ocrx_word' id='word_1_201' title='bbox 2028 3466 2268 3566; x_wconf 65' lang='lat' dir='ltr'>agunt.</span> 
     </span>
    </p>
   </div>
   <div class='ocr_carea' id='block_1_6' title="bbox 268 3683 1745 3968">
    <p class='ocr_par' dir='ltr' id='par_1_9' title="bbox 268 3683 1745 3968">
     <span class='ocr_line' id='line_1_27' title="bbox 402 3683 1745 3830; baseline 0.004 -24"><span class='ocrx_word' id='word_1_202' title='bbox 402 3762 428 3806; x_wconf 78' lang='lat' dir='ltr'>x</span> <span class='ocrx_word' id='word_1_203' title='bbox 467 3743 572 3808; x_wconf 90' lang='lat' dir='ltr'>Ob</span> <span class='ocrx_word' id='word_1_204' title='bbox 594 3741 971 3830; x_wconf 72' lang='lat' dir='ltr'>graviffimam</span> <span class='ocrx_word' id='word_1_205' title='bbox 986 3683 1243 3829; x_wconf 63' lang='lat' dir='ltr'>poenam</span> <span class='ocrx_word' id='word_1_206' title='bbox 1355 3745 1745 3822; x_wconf 65' lang='lat' dir='ltr'>constitutam.</span> 
     </span>
     <span class='ocr_line' id='line_1_28' title="bbox 268 3848 1365 3968; baseline 0.007 -54"><span class='ocrx_word' id='word_1_207' title='bbox 268 3929 281 3968; x_wconf 45' lang='lat'>¹</span> <span class='ocrx_word' id='word_1_208' title='bbox 326 3852 488 3936; x_wconf 59' lang='lat' dir='ltr'>:pud</span> <span class='ocrx_word' id='word_1_209' title='bbox 514 3848 813 3924; x_wconf 72' lang='lat' dir='ltr'>Romanos</span> <span class='ocrx_word' id='word_1_210' title='bbox 833 3855 905 3922; x_wconf 77' lang='lat' dir='ltr'>in</span> <span class='ocrx_word' id='word_1_211' title='bbox 926 3851 1242 3947; x_wconf 61' lang='lat' dir='ltr'>transfugas</span> <span class='ocrx_word' id='word_1_212' title='bbox 1359 3915 1365 3922; x_wconf 85' lang='lat'><strong><em>.</em></strong></span> 
     </span>
    </p>
   </div>
  </div>
 </body>
</html>
