2787 4602
800 401 1674 508 IU-GURTHAE
2064 423 2261 502 .105

258 597 261 602 ’
320 537 468 660 ’ρετΙ
507 561 772 660 legatos
833 562 1127 659 pecunia
1177 579 1490 652 tentare,
1533 564 1842 662 bellique
1867 618 1892 652 ,
1932 564 2127 662 quod
2164 565 2276 636 ad-

333 683 801 773 ministrabat,
856 682 1294 779 asperitatem
1345 684 1704 758 ostendere
1769 687 2049 781 coepit:
2126 687 2276 757 ani-

334 832 486 880 mus
536 832 739 903 aeger
813 806 1102 908 avaritia
1152 806 1351 879 facile
1427 806 1803 881 conversus
1845 787 1968 880 est.
2063 808 2276 878 Cete-

335 954 492 1000 rum
565 925 789 1002 socius
854 929 931 999 &
995 928 1391 1001 administer
1449 911 1780 1001 omnium
1829 927 2286 1000 consiliorum·

334 1047 710 1121 adsumitur
790 1049 1132 1122 Scaurus:
1229 1052 1351 1149 qui
1408 1050 1676 1122 tametsi
1727 1076 1765 1120 a
1835 1050 2182 1145 principio
2250 1103 2280 1140 ,

331 1168 677 1269 plerisque
725 1197 810 1243 ex
862 1169 1158 1245 factione
1217 1173 1363 1245 eius
1433 1172 1781 1266 corruptis
1821 1224 1842 1259 ‚
1919 1195 2273 1242 acerrume

331 1293 595 1388 Regem
680 1291 1258 1390 impugnaveratg,
1320 1312 1556 1364 tamen
1623 1291 2093 1388 magnitudine
2146 1315 2272 1386 pe·
2366 1275 2373 1280 ⁵

314 1401 574 1488 'cuniae
639 1438 677 1485 a
716 1413 910 1486 bono
953 1412 1388 1513 honestoque
1439 1414 1510 1483 in
1553 1437 1851 1508 pravum
1902 1409 2273 1483 abstractus

331 1534 449 1609 est.
499 1536 630 1608 Sed
679 1536 1007 1633 Iugurtha
1034 1536 1336 1632 primum
1367 1533 1861 1606 tantummodo
1918 1533 2081 1606 belli
2111 1559 2273 1606 mo·-

331 1681 481 1729 ram
552 1656 934 1728 redimebat
969 1703 1004 1746 -,
1063 1655 1512 1750 existumans,
1573 1655 1710 1727 sese
1763 1655 2023 1753 aliquid
2091 1658 2272 1730 inte-

328 1777 465 1850 rim
513 1765 780 1848 Romae
825 1776 1053 1870 pretio
1108 1768 1229 1847 aut
1267 1778 1482 1871 gratia
1524 1776 1922 1849 effecturum
1957 1802 1975 1846 z
2033 1778 2270 1875 postea

328 1921 506 1967 vero
545 1919 752 1996 quam
782 1894 1189 1992 participem
1217 1896 1479 1993 negotii
1507 1899 1840 1968 Scaurum
1866 1916 2223 1993 acceperat
2248 1932 2269 1974 ε

218 2018 225 2025 ’
329 2019 403 2091 in
451 2015 841 2112 maxumam
892 2015 1080 2113 spem
1116 2018 1444 2090 adductus
1496 2019 2005 2116 recuperandae
2038 2021 2265 2115 paciS,

252 2247 259 2252 .
328 2138 561 2213 statuit
611 2125 786 2213 cum'
823 2138 918 2211 eis
969 2138 1054 2210 de
1109 2139 1433 2211 omnibus
1471 2140 1903 2248 pactionibus
1951 2140 2265 2237 praesens

328 2286 553 2359 agere.
653 2262 986 2332 Ceterum
1033 2261 1338 2350 interea,
1389 2260 1553 2333 fidei
1629 2261 1888 2353 caussa,
1963 2263 2263 2337 mittitur

326 2406 368 2457 a
419 2378 723 2457 Consule
772 2383 1039 2456 Sextius
1091 2382 1439 2475 Quaestor
1479 2385 1561 2465 kin
1614 2386 1951 2481 oppidum
2015 2388 2262 2483 Iugur-
2347 2402 2360 2409 ‘

322 2494 488 2581 diae
530 2522 549 2553 ¹
578 2507 881 2602 ‘Vagam
925 2504 1119 2575 cuius
1155 2506 1255 2574 rei
1295 2504 1550 2601 species
1589 2526 1733 2577 erat
1762 2509 2074 2603 acceptio
2112 2507 2261 2597 fru-
2309 2524 2316 2531 ’

325 2625 581 2715 menti,
634 2626 828 2723 quod
877 2625 1292 2720 Calpurnius
1325 2626 1551 2724 palam
1596 2626 1832 2725 legatis
1867 2629 2261 2724 imperave-

327 2768 484 2823 rat:
518 2749 850 2845 quoniam
876 2746 1245 2820 deditionis
1296 2751 1492 2821 mora
1540 2749 1854 2820 induciae
1905 2751 2264 2848 agitaban-

326 2891 464 2944 tur.
532 2871 747 2969 Igitur
791 2871 943 2940 Rex
967 2914 993 2957 ,
1039 2869 1144 2939 uti
1195 2850 1641 2941 constituerat
1672 2924 1696 2961 ‚
1747 2873 1817 2944 in
1869 2872 2080 2947 castra
2128 2900 2257 2947 ve-

326 2995 431 3066 nit
463 3017 479 3062 :
510 3019 587 3065 ac
638 3017 902 3088 pauca,
946 2989 1290 3086 praesenti
1325 2990 1650 3083 confiliO,
1691 2993 1969 3068 locutus
2021 2996 2110 3067 de
2157 2996 2255 3067 in-

326 3118 515 3193 vidia
593 3116 1052 3215 faciiQatque
1092 3120 1097 3124 ’
1152 3113 1223 3185 in
1275 3114 1701 3189 deditionem
1752 3119 1856 3190 uti
1905 3117 2254 3215 accipere-

328 3259 495 3325 tur3
547 3236 813 3333 reliqua
863 3260 1021 3307 cum
1059 3233 1274 3333 Bestia
1324 3255 1392 3308 et
1443 3240 1703 3312 Scauro
1755 3237 2012 3310 secreta
2063 3257 2254 3311 tran-

324 3361 475 3461 figit
525 3382 544 3430 ε
597 3359 756 3431 dein
801 3353 1084 3454 postero
1135 3357 1290 3447 die,
1341 3360 1528 3457 quasi
1578 3386 1703 3456 per
1751 3358 2047 3432 saturam
2082 3378 2108 3410 ²
2144 3386 2253 3438 ex-

414 3674 437 3714 x
473 3651 574 3713 Al.
598 3634 868 3713 ‘Van-am.
1345 3653 1481 3713 dine
1502 3699 1517 3726 ‚
1546 3654 1646 3736 qui
1680 3650 1830 3714 forte
1860 3675 2098 3716 monere
2143 3652 2255 3718 ali-

408 3782 437 3817 2
494 3758 550 3821 h.
593 3780 643 3818 e.
686 3755 1010 3840 perturbate
1033 3800 1050 3828 ‚
1082 3770 1229 3817 con-2
1347 3761 1484 3846 quid
1519 3757 1752 3841 vellem.

323 3862 474 3940 fuse,
509 3884 570 3925 ut
609 3886 732 3926 non
776 3866 1101 3927 audirentur
1140 3881 1233 3922 ot·-
