2787 4602
487 410 642 496 ηπ
1022 386 1884 473 SALLUSTII

482 555 764 634 virtutis
826 557 1278 632 etviitoriae
1337 555 1549 657 seque
1603 582 2037 658 regnumque
2097 556 2296 632 suum
2338 553 2431 633 afi
2500 560 2503 563 ’

472 678 969 755 Romanorum
1001 680 1294 754 avaritia
1337 678 1715 753 defendant
1762 704 1781 750 τ
1839 705 2002 753 cum
2049 679 2155 753 his
2197 700 2426 754 certa-

475 826 647 878 men
692 801 847 877 fore
879 857 903 894 ‚
948 827 1130 903 quos
1162 820 1363 877 antea
1397 788 1623 876 victos
1650 801 2046 900 subiugum
2073 799 2380 875 miserint
2400 828 2423 874 ε

477 928 732 1001 ducem
765 924 899 1000 illis
920 979 946 1017 ‚
986 952 1136 999 non
1173 926 1481 999 animum
1514 941 1861 997 mutatum
1893 946 1911 992 ε
1954 948 2132 1023 quae
2169 921 2256 995 ab
2291 924 2425 997 im-

473 1066 804 1149 peratore
851 1049 1251 1138 decuerint,
1306 1047 1544 1120 omnia
1589 1045 1724 1120 suis
1783 1045 2112 1146 provisa3
2181 1047 2422 1120 locum

465 1170 912 1268 superiorem
938 1224 962 1262 ‚
988 1171 1095 1243 uti
1124 1169 1503 1267 prudentes
1530 1194 1690 1243 cum
1721 1170 2057 1268 imperitis
2080 1224 2103 1262 ‚
2135 1194 2222 1242 ne
2246 1195 2433 1267 pau--

435 1310 438 1311 *
473 1282 711 1369 tiores*
754 1315 915 1365 cum
947 1291 1294 1390 pluribus,
1347 1308 1472 1365 aut
1527 1294 1733 1365 rudes
1782 1317 1943 1366 cum
2008 1290 2198 1365 bello
2269 1316 2425 1365 me·-

461 1411 766 1488 ·lioribus
798 1432 1080 1486 manum
1106 1412 1572 1487 consererent.
1612 1415 1906 1512 proinde
1933 1413 2155 1512 parati
2187 1413 2419 1487 inten-

474 1537 672 1635 tique
724 1534 940 1608 effent
962 1589 988 1626 ‚
1038 1535 1231 1634 figno
1288 1538 1458 1609 dato
1483 1591 1509 1627 ,
1575 1537 1937 1611 Romanos
2013 1536 2343 1608 invadere
2391 1557 2415 1605 t

467 1653 674 1731 :illum
729 1656 916 1730 diem
963 1674 1086 1756 aut
1151 1658 1380 1731 omnis
1429 1657 1704 1731 labores
1750 1660 1829 1729 δέ
1868 1658 2194 1732 νίἃοτίειε
2238 1681 2414 1733 con-

469 1776 955 1852 firmatur-um:
1003 1796 1126 1852 aut
1181 1806 1667 1853 maxumarum
1729 1804 2215 1855 aerumnarum
2276 1778 2413 1851 ini-

460 1903 644 1977 tium
700 1901 879 1976 fore.
931 1901 1045 1973 Ad
1107 1900 1248 1976 hoc
1290 1904 1594 1994 viritim,
1660 1904 1765 1975 uti
1818 1929 2170 2003 quemque
2204 1959 2228 1994 ‚
2310 1901 2409 1986 oh

463 2024 759 2098 militare
809 2021 1109 2117 facinus,
1165 2026 1464 2122 pecunia
1506 2043 1629 2097 aut
1685 2026 1958 2097 honore
2016 2026 2361 2098 extulerat
2381 2067 2409 2105 ,

457 2144 1069 2220 commonefacere
1125 2144 1446 2219 beneficii
1485 2144 1629 2236 sui,
1667 2164 1739 2219 et
1785 2171 1945 2218 eum
1979 2146 2206 2244 ipsum
2256 2149 2410 2221 aliis

451 2266 810 2345 ostentare
877 2295 899 2342 ε
950 2266 1305 2367 postremo
1337 2321 1363 2361 ,
1431 2292 1563 2367 pro
1638 2266 1967 2369 cuiusque
2044 2269 2329 2370 ingenio
2378 2323 2405 2362 ,

455 2392 865 2491 pollicendo
888 2445 913 2483 ‚
975 2390 1363 2465 minitando
1395 2446 1418 2484 ‚
1475 2390 1888 2467 obtestando
1922 2450 1948 2486 ,
1989 2395 2204 2468 alium
2258 2394 2404 2470 alio

454 2516 679 2590 modo
746 2515 1048 2590 excitare
1099 2540 1119 2587 t
1163 2540 1324 2588 cum
1385 2514 1668 2600 interim
1733 2516 2062 2591 Metellus
2124 2517 2403 2615 ignarus

449 2625 762 2717 hostium
783 2692 808 2730 ‚
847 2654 870 2688 ¹
900 2655 1217 2711 montem
1242 2636 1633 2736 ingrediens
1658 2665 1816 2712 cum
1841 2641 2151 2713 exercitu
2172 2693 2196 2731 ‚
2226 2664 2403 2712 con-
2488 2641 2493 2648 ’

449 2754 755 2856 spicatur
805 2776 854 2833 ².
898 2747 1129 2858 primo
1156 2761 1406 2833 dubius
1426 2814 1451 2850 ‚
1482 2761 1814 2860 quidnam
1856 2758 2138 2834 insolita
2188 2761 2400 2835 facies
2450 2791 2455 2796 ·

449 2880 849 2955 ostenderet
873 2935 899 2974 ,
923 2879 1132 2982 (nam
1164 2884 1349 2955 inter
1376 2884 1686 2981 virgulta
1718 2884 1883 2983 equi
1908 2865 2397 2982 Numidaeque

450 3005 946 3097 consederant,
1012 3030 1240 3105 neque
1321 3005 1527 3102 plane
1593 3005 1928 3079 occultati
2001 3004 2395 3080 humilitate

445 3126 823 3216 arborum3
864 3145 935 3202 et
987 3146 1223 3201 tamen
1271 3127 1565 3218 incerti,
1603 3126 1932 3226 quidnam
1968 3123 2136 3198 esset
2155 3179 2179 3216 ‚
2231 3151 2394 3200 cum

445 3269 699 3325 natura
737 3250 925 3342 loci,
968 3269 1123 3324 tum
1167 3250 1340 3323 dolo
1361 3303 1385 3340 ,
1418 3249 1540 3348 ipfi
1578 3267 1788 3349 atque
1838 3248 2023 3347 figna
2069 3251 2393 3324 militaria

449 3371 862 3474 obscurati)
902 3373 1063 3448 dein
1081 3428 1107 3466 ‚
1145 3372 1348 3452 brevi
1379 3371 1680 3473 cognitis
1700 3373 1994 3465 infidiis,
2016 3371 2391 3472 paullisper

470 3787 527 3832 ·1
555 3766 738 3853 Vulg.
757 3766 1246 3851 nwntedegrecfiens.
1269 3764 1384 3829 sed
1534 3787 1568 3827 2
1599 3711 1712 3830 tul}
1736 3765 1945 3848 hostes.
1984 3762 2227 3830 Cottius
2249 3785 2388 3829 ver-

437 3878 582 3963 post
611 3877 678 3938 in
713 3872 956 3956 planum
981 3873 1228 3936 deducit.
1484 3873 1623 3954 hum
1639 3876 1917 3958 pervertit
1953 3876 2025 3936 in
2059 3876 2387 3957 conspicium
