2787 4602
2215 303 2310 363 n:

367 450 587 528 ticum
631 451 953 527 Latinum
998 466 1023 543 ‚'
1087 448 1211 565 q'ui
1261 447 1330 525 se
1372 451 1790 549 Philologum
1834 448 2130 527 vocavit
2163 502 2190 542 ,
2230 452 2311 525 δι

365 553 491 649 qui
536 556 919 657 Sallustium
979 546 1487 624 familiariffime
1557 551 1802 625 coluit.
1886 553 2026 624 Vix
2077 567 2313 623 tamen

366 650 652 738 videtur
687 705 712 742 ‚
791 675 988 723 more
1058 649 1360 722 aliorum
1400 703 1423 740 ‚
1502 647 1733 722 causas
1803 647 2102 722 affitass'e
2137 702 2164 742 ,
2231 664 2313 721 ut

365 748 659 845 gratiam
700 746 1079 822 ac‘famam
1118 747 1242 819 fibi
1273 747 1659 821 afflonibus
1709 744 2094 819 forensibus
2126 772 2314 821 com·-

364 864 663 942 pararet.
749 845 961 920 Nulla
1037 862 1229 920 certe
1292 846 1632 919 memoria
1689 844 1836 918 eius
1891 846 2058 935 rei,
2127 843 2314 942 apud

363 960 687 1031 veterem
735 968 868 1018 nec
920 947 1131 1017 Cicero
1154 996 1178 1033 ,
1229 944 1354 1042 qui
1405 961 1517 1016 tot
1547 942 1941 1057 aequalium
1983 941 2266 1015 suorum
2286 994 2314 1033 ,

365 1040 492 1139 qui
549 1067 840 1138 operam
912 1039 1101 1114 suam
1158 1042 1609 1117 venditarunt
1659 1068 1733 1114 m
1787 1040 1952 1113 foro
1982 1095 2008 1132 ‚
2066 1042 2315 1113 memi-

364 1139 474 1212 nit
507 1193 531 1230 ,
577 1144 652 1211 C.
707 1140 913 1236 Crispi
951 1141 1257 1242 Sallustii
1299 1140 1733 1213 mentionem
1771 1137 1986 1211 ullam
2019 1136 2318 1251 usquam

364 1234 559 1311 fecit.
626 1238 697 1311 Si
746 1241 901 1337 quis
948 1237 1199 1310 silentii
1249 1236 1524 1312 causam
1586 1236 1783 1309 fuifl'e
1843 1235 2316 1326 inimicitiam,

363 1360 548 1434 quae
601 1336 786 1411 inter
840 1359 964 1411 eos
1016 1334 1151 1407 fuit
1191 1388 1215 1425 ,
1267 1334 1696 1434 suspicetur,
1736 1334 1987 1407 doceat
2033 1358 2158 1405 cur
2204 1338 2318 1404 Ci—

363 1461 498 1506 cero
559 1435 707 1509 eius
759 1432 999 1508 saltem
1051 1433 1284 1507 obiter
1341 1459 1492 1508 non
1534 1433 1931 1505 meminerit
1977 1485 2004 1521 ,
2055 1448 2136 1505 ut
2200 1431 2315 1505 vi-

365 1550 746 1631 tuperaret.
810 1537 915 1607 Ac
948 1602 951 1605 ,
987 1529 1145 1604 sane
1198 1558 1414 1634 genus
1464 1530 1912 1630 eloquentiae
1972 1526 2319 1602 Sallustia-

368 1655 527 1711 nae„
565 1632 794 1705 minus
853 1648 1094 1729 aptum
1152 1629 1315 1705 foro
1374 1630 1559 1717 fuit3
1613 1628 2031 1727 aptiffimum
2077 1625 2317 1699 Histo-

294 1770 299 1775 ·
366 1728 515 1799 riae
547 1781 571 1818 ,
620 1754 800 1826 quae
862 1730 950 1801 ab
1019 1729 1258 1802 otiofis
1300 1730 1577 1826 legitur.
1654 1730 1895 1822 Quare
1942 1743 1964 1778 ¹
2041 1728 2321 1821 Quinti-

377 1828 599 1896 lianus
617 1877 641 1912 ,
681 1826 891 1897 vitari
951 1844 1284 1921 oportere
1329 1826 1590 1898 iudicat
1642 1827 1715 1897 'm
1764 1825 1975 1900 causis
2035 1824 2332 1921 agendis·

377 1919 568 1992 illam
622 1920 1096 1995 Sallustianam
1142 1920 1623 2021 (quamquam
1679 1923 1753 1996 in
1829 1922 1980 2022 ipso
2034 1923 2322 1996 virtutis

369 2016 612 2090 locum
672 2018 949 2093 obtinet
991 2018 1028 2118 )
1096 2019 1512 2096 brevitatem
1547 2074 1571 2112 ,
1617 2021 1696 2093 &
1750 2022 2126 2121 abruptum
2177 2016 2320 2092 ser-

372 2117 602 2189 monis
658 2142 874 2215 genus
922 2171 948 2210 ‚
1088 2121 1211 2193 iod
1287 2119 1595 2193 otiosum
1646 2120 1934 2194 fortaffe
1984 2120 2321 2193 leam-em

368 2213 599 2288 minus
665 2213 842 2289 fallit
878 2271 902 2310 ,
936 2243 1026 2291 au
1075 2216 1333 2292 ientem
1370 2216 1781 2294 transvolat.
2241 2264 2261 2287 .

465 2314 927 2390 Declamator
958 2371 982 2409 ,
1029 2331 1058 2364 ²
1108 2344 1338 2418 *quem
1388 2319 1588 2409 dixi,
1641 2315 2092 2415 turpiffimam
2144 2315 2321 2390 ado-

370 2408 770 2488 lescentiam
834 2418 1150 2521 Sallustio
1216 2417 1595 2513 exprobrat
1619 2461 1644 2508 ‚
1725 2413 2322 2513 nefandarumque

371 2510 828 2607 voluptatum
900 2536 1213 2586 amorem
1271 2514 1575 2600 obiicit3
1648 2537 1827 2612 quae
1890 2514 2324 2586 criminatio-

369 2632 494 2681 nes
526 2662 550 2697 ,
602 2625 684 2680 ut
734 2606 939 2682 falsae
982 2607 1116 2683 effe
1212 2608 1447 2682 offunt
1469 2663 1493 2700 ,
1569 2635 1719 2705 non
1767 2611 2061 2683 omnino
2095 2611 2330 2681 incre-

326 2745 331 2750 ·
371 2706 620 2780 dibiles
668 2706 766 2779 ob
801 2704 1090 2807 sequuta
1192 2707 1403 2807 agitia
1455 2706 1806 2783 videntur.
1859 2711 2160 2779 Domum
2187 2735 2325 2802 pa-

373 2829 622 2876 ternam
655 2858 679 2896 ,
721 2804 772 2876 st
831 2803 1216 2880 accusatori
1266 2806 1667 2922 credimus*
1717 2810 1868 2882 νὶνο
1904 2830 2093 2900 patre
2121 2861 2154 2896 ,
2181 2830 2326 2900 tur·-

262 2957 309 3008 l
364 2902 618 3001 pffme
659 2911 948 2976 venalem
979 2908 1250 2997 habuit,
1292 2907 1371 2977 a‘c
1402 2910 1698 2979 vendidtt
1715 2907 1756 2975 ἓ
1791 2903 2114 3003 morique
2154 2908 2324 2986 co'e'-

375 3002 480 3098 git
536 3025 622 3074 ex
661 3026 988 3089 moerore
1033 3023 1301 3101 patrem
1335 3056 1359 3094 ,
1419 3029 1567 3103 quo
1624 3003 1941 3081 nondum
1989 3022 2279 3077 mortuo
2298 3056 2326 3095 ‚

374 3099 515 3171 iam
561 3124 694 3196 pro
741 3099 997 3173 herede
1040 3103 1279 3175 omnia
1320 3102 1621 3199 gerebat.
1686 3103 1836 3174 Nec
1865 3102 2107 3174 aetatis
2140 3104 2324 3174 tiro·-

380 3197 571 3270 cinio
607 3196 1133 3297 lapsus,postea
1170 3198 1239 3272 se
1266 3200 1575 3273 correxit
1597 3255 1624 3291 ‚
1658 3199 1774 3297 sed
1795 3198 1961 3271 abiit
1988 3200 2061 3271 in
2083 3198 2329 3272 sodali-

378 3295 557 3368 tium
618 3295 926 3394 sacrilegi
981 3297 1218 3371 nescio
1276 3299 1475 3373 cuius
1532 3298 1934 3397 Nigidiani3
1978 3297 2083 3370 bis
2122 3322 2330 3372 accu-

380 3392 564 3465 satus
621 3392 717 3466 est
775 3396 985 3492 apud·
1025 3396 1285 3470 iudices
1340 3450 1364 3487 ,
1430 3397 1537 3470 bis
1605 3395 1961 3469 absolutus
2003 3421 2028 3482 ;
2078 3422 2329 3471 verum

381 3493 508 3663 itad
536 3510 619 3566 ut
663 3517 809 3563 non
876 3495 1225 3576 innocens„
1276 3494 1413 3570 effe
1454 3547 1486 3586 ,
1523 3493 1641 3567 sed
1699 3494 1964 3568 iudices
1998 3494 2327 3592 peieraffe

382 3614 462 3665 vi
512 3607 814 3665 erentur.

440 3804 504 3854 ,ι
565 3785 700 3849 Lib.
738 3783 851 3851 1V.
886 3807 935 3849 c.
964 3810 1020 3850 ι.
1421 3819 1425 3823 ·
1456 3814 1511 3852 2·
1544 3789 1691 3874 Cap.
1754 3807 1807 3867 ς.

858 3939 863 3944 ἢ
1927 3897 2035 3968 ²4
