2787 4602
505 337 644 389 202
1024 310 1934 387 SALLUSTII

502 471 869 574 postquam
912 472 1170 545 infesto
1207 527 1225 556 .
1254 498 1429 580 quo·
1458 473 1847 545 intenderat
1878 527 1901 564 ‚
1955 474 2249 573 negotio·
2268 474 2429 549 cira·

501 615 644 673 tam
697 597 875 669 redit
890 625 956 681 ,··
986 596 1088 678 de,
1117 595 1426 669 adventu
1496 594 1881 692 legatorum
1957 593 2216 671 certior
2281 596 2430 671 fac-

500 739 615 793 tus
655 774 678 809 ‚
752 718 1050 818 illosque
1091 736 1161 793 et
1217 717 1476 790 Sullam
1535 718 1779 789 venire
1824 718 2018 803 iubet
2044 773 2067 808 ‚
2118 719 2311 790 item-
2343 721 2426 793 1..

502 833 881 916 Bellienum
952 843 1352 912 Praetorem
1432 838 1642 912 Utica
1663 894 1687 926 ,
1765 858 2128 938 praeterea
2198 843 2430 914 omnis

497 963 805 1061 undique
855 963 1198 1037 Senatorii
1264 961 1530 1034 ordinis
1555 1018 1582 1052 ,
1625 961 2045 1060 quibuscum
2106 964 2428 1036 mandata

499 1085 759 1158 Bocchi
821 1083 1198 1183 cognoscit.
1240 1100 1261 1134 ¹
1297 1084 1567 1182 Legatis
1638 1083 1940 1181 potestas
2002 1086 2229 1158 eundi·
2277 1088 2427 1184 Ro-¹

498 1229 684 1278 mam
750 1204 831 1279 fit
878 1208 967 1280 ab
1018 1202 1368 1279 Consule:
1464 1206 1727 1279 interea
1780 1207 2106 1279 induciae
2190 1206 2432 1304 postu-

389 1343 400 1354 ‘
499 1325 841 1403 labantur.
909 1332 1007 1402 Ea
1041 1327 1270 1426 'Sullae
1325 1345 1398 1400 et
1453 1327 1801 1426 plerisque
1851 1328 2216 1423 placuere:
2271 1352 2435 1428 pau&

505 1449 572 1524 ci
627 1447 930 1523 ferocius
984 1449 1366 1521 decernunt
1389 1502 1414 1538 ‚
1484 1446 1741 1521 scilicet
1823 1449 2040 1547 ignari
2102 1450 2433 1527 humana-

505 1596 666 1645 rum
742 1597 972 1644 rerum
1003 1625 1026 1660 ‚
1109 1587 1317 1671 quae
1368 1569 1593 1642 fluxae
1637 1567 1730 1642 ‘et
1808 1569 2104 1643 mobiles
2166 1567 2436 1666 semper
2484 1603 2487 1608 ·

508 1694 584 1766 in
643 1690 935 1767 advorsa
966 1709 991 1742 ²
1041 1708 1422 1765 mutantur.
1482 1692 1813 1764 Ceterum
1875 1692 2152 1783 Mauri,
2211 1692 2438 1789 impe-

393 1913 398 1916 *
506 1816 702 1889 tratis
764 1815 1088 1889 omnibus
1149 1815 1354 1914 rebus
1385 1870 1408 1905 ‚
1500 1832 1640 1887 tres
1753 1818 2056 1890 Romam
2143 1811 2436 1913 'profesti

505 1960 670 2009 cum
733 1924 864 2008 Cn.
924 1938 1225 2012 Ofiavio
1286 1938 1479 2013 Rufo
1508 1991 1531 2027 ‚
1604 1941 1726 2039 qui
1783 1927 2130 2043 Quaestor
2184 1937 2438 2036 stipen-

510 2058 704 2129 diiun
755 2060 828 2130 in
898 2045 1207 2131 Africam
1254 2077 1700 2154 portaverat:
1743 2060 1887 2135 duo
1930 2061 2018 2133 ad
2070 2084 2304 2156 regem
2337 2045 2473 2131 re(

509 2181 746 2252 deunt.
836 2183 941 2252 Ex
990 2180 1097 2253 his
1145 2181 1461 2253 Bocchus
1506 2183 1694 2252 cum·
1739 2199 2003 2271 cetera,
2062 2198 2218 2253 tum
2290 2205 2439 2251 maa
2526 2271 2531 2276 ὗ

511 2327 718 2375 xume
760 2300 1320 2400 benignitatem·
1361 2320 1433 2374 et
1513 2301 1812 2376 studium
1876 2303 2103 2377 Sullae
2194 2301 2439 2376 lubens

517 2424 805 2523 accepit.
905 2426 1173 2498 Romae
1215 2424 1457 2522 legatis
1510 2426 1654 2498 eius
1680 2480 1705 2515 ‚
1775 2425 2136 2526 postquam
2195 2424 2461 2527 err-‘affe'

515 2574 749 2646 regem
836 2564 908 2621 et
960 2547 1328 2645 Iugurthae
1406 2546 1659 2622 scelere
1719 2546 2018 2646 lapsum,
2091 2547 2442 2644 deprecati

514 2670 672 2745 sunt
698 2725 722 2760 ‚
803 2670 1172 2751 amicitiam
1221 2688 1292 2741 et
1342 2669 1592 2744 foedus
1636 2671 2034 2768 petentibus
2098 2671 2239 2743 hoc
2297 2694 2447 2743 mo·

519 2794 615 2866 do
666 2791 1143 2896 respondetur.

620 2994 902 3060 Senatus
944 2986 1012 3060 ὅ*
1044 2998 1338 3083 populus
1373 2997 1717 3065 Romanus
1748 2995 2028 3084 beneficii
2076 3014 2136 3061 et
2171 2993 2449 3062 iniuriae

528 3256 763 3337 regiam.
808 3254 1105 3316 Hanccine
1155 3277 1290 3314 vero
1328 3248 1429 3314 'ee-
1550 3265 1607 3316 ὅ(
1631 3255 1794 3316 Cort.
1825 3277 1934 3314 rec.
1968 3253 2153 3339 Vulg.·
2176 3250 2233 3311 in
2264 3254 2449 3333 quibus

526 3361 677 3440 perit
699 3407 715 3434 ,
741 3381 813 3420 an
835 3342 1033 3419 frustra
1046 3359 1211 3420 fuerit
1228 3363 1426 3443 inccp—
1547 3363 1730 3445 legatis
1736 3382 1792 3440 p.
1802 3364 1852 3420 ἐ.
1868 3355 2195 3440 R.fie;6³ab
2213 3358 2270 3417 C.
2280 3361 2323 3416 i.
2341 3359 2377 3415 i.
2384 3378 2448 3437 p.

503 3484 650 3524 ‘tum
676 3511 691 3537 ,
725 3487 792 3525 ex
840 3455 1072 3525 auclore
1123 3465 1261 3526 alias
1303 3489 1427 3527 non
1615 3490 1644 3524 2
1665 3466 1760 3525 Sic
1783 3464 2004 3526 Aldina
2018 3463 2251 3552 &,vulg.
2282 3460 2449 3522 Puts-

493 3644 510 3661 ·
531 3574 762 3632 constat.
788 3573 1079 3656 Ambigua
1101 3576 1276 3655 igitur
1300 3596 1428 3633 ma-
1549 3571 1725 3632 chius·
1780 3572 1962 3634 &oluit
2024 3573 2200 3632 rarius
2255 3586 2458 3629 mutant

527 3700 627 3742 net
656 3678 832 3739 lefflo
859 3678 900 3738 l.
929 3677 1149 3756 confido
1170 3678 1208 3737 1.
1226 3678 1428 3756 infielp,
1550 3681 1726 3764 idque
1754 3701 1862 3739 rec.
1891 3679 2090 3739 Corte.
2110 3677 2291 3738 Levia
2313 3676 2455 3736 haec

604 3809 628 3851 ι
650 3786 747 3846 Sic
764 3783 927 3847 Glas.
945 3787 1060 3847 iam
1079 3787 1399 3880 emendarat
1413 3828 1438 3856 ,
1561 3782 1687 3847 sunt
1711 3795 1765 3845 &
1792 3781 2050 3871 quaefita.
