2787 4602
470 422 603 487 οιοᾳ
1015 396 1879 488 ‚SALLUST11-

457 558 682 649 batur.
737 554 1067 631 Timebat
1129 559 1300 629 iram
1328 552 1603 645 Senati,
1648 558 1720 630 ni
1762 556 2083 657 paruisset
2104 556 2401 659 legatisg

458 705 681 780 porro
735 678 1003 755 animus
1040 680 1367 775 cupidine
1390 679 1638 763 caecus
1675 679 1761 751 ad
1795 679 2152 777 inceptum
2186 678 2404 754 scelus

451 799 787 896 rapiebat.
841 800 1033 879 vici-t
1087 816 1318 873 tamen
1359 799 1437 872 in
1497 800 1709 879 avido
1761 800 2043 898 ingenio
2104 826 2402 899 pravum

451 922 837 996 confilium.
903 921 1120 1018 Igitur
1144 976 1171 1009 ,
1224 920 1536 995 exercitu
1593 906 2024 1031 circumdato
2056 976 2081 1010 ,
2131 919 2402 998 summa

347 1140 358 1147 ·
452 1044 527 1115 vi
586 1043 853 1134 Cirtam
904 1042 1288 1137 irrumpere
1351 1042 1598 1131 nititur
1627 1097 1651 1130 ‚
1700 1068 2021 1131 maxume
2075 1042 2350 1143 sperans
2371 1100 2400 1136 ,

447 1163 725 1252 diducta
763 1151 1018 1234 ¹‘manu
1070 1152 1375 1235 hostium
1399 1219 1426 1252 ,
1478 1180 1598 1235 aut
1663 1164 1790 1252 vi,
1840 1182 1959 1237 aut
2026 1164 2207 1238 dolis
2258 1165 2398 1243 sese

447 1284 680 1371 casum
723 1284 1056 1357 victoriae
1096 1284 1570 1375 inventurum.
1604 1286 1825 1378 Quod
1855 1285 1976 1359 ubi
2008 1284 2198 1377 secus
2230 1312 2393 1384 pro·

447 1407 675 1496 cedit,
726 1420 954 1505 neque
982 1462 1009 1495 ,
1063 1407 1258 1505 quod
1307 1407 1700 1482 intenderat
1727 1465 1753 1498 ,
1797 1408 2070 1483 efficere
2105 1400 2337 1507 potest
2365 1464 2394 1500 ,

448 1530 556 1603 uti
601 1528 828 1623 prius,
886 1554 1093 1625 quam
1151 1528 1419 1625 legatos
1476 1529 1933 1618 conveniret,
1964 1514 2404 1609 ¹Adherbalis

447 1649 844 1745 potiretur3
890 1672 976 1721 ne
1035 1649 1330 1747 amplius
1377 1648 1720 1740 morando
1761 1649 2136 1742 Scaurum,
2184 1675 2399 1750 quem

449 1771 828 1867 plurimum
848 1770 1235 1860 metuebat,
1263 1770 1667 1845 incenderet
1685 1825 1708 1860 ‚
1738 1795 1901 1843 cum
1931 1772 2168 1869 paucis
2191 1771 2393 1870 equi-

441 1880 632 1966 tibus
662 1895 743 1964 'in
787 1892 1223 1990 provinciam
1249 1893 1468 1965 venit.
1510 1883 1613 1966 Ac
1664 1892 1929 1969 tametfi
1968 1894 2198 1968 Senati
2231 1901 2397 1964 ver-'-

444 2011 553 2109 bis
574 2014 798 2090 minae
825 2037 1069 2113 graves
1093 2012 1624 2102 nunciabantur,
1649 2015 1843 2110 quod
1869 2014 2396 2112 oppugnatione

445 2160 594 2209 non
643 2133 1029 2222 defisteret3
1061 2132 1280 2204 multa
1310 2150 1544 2208 tamen
1594 2134 1918 2206 oratione
1969 2132 2331 2206 consumta
2360 2188 2390 2224 ,

321 2255 655 2358 261egati
711 2254 957 2332 frustra
998 2254 1371 2332 discess‘ere.
1416 2258 1515 2331 Ea
1563 2255 1933 2357 postquam
1984 2256 2217 2332 Cirtae
2261 2256 2390 2349 auss

301 2459 344 2482 ,ἲ
446 2379 590 2454 dita
638 2378 794 2454 sunt
820 2433 846 2466 ,
888 2377 1155 2468 Italici,
1207 2403 1515 2478 quorum
1555 2379 1819 2452 virtute
1863 2379 2141 2452 moenia
2161 2376 2392 2452 defen‘-
2432 2390 2436 2480 j

446 2498 809 2588 sabanum,
841 2497 1078 2574 confifi
1105 2555 1132 2589 ,
1167 2500 1522 2572 deditione
1564 2494 1737 2573 facta
1757 2556 1781 2593 ,
1810 2521 2100 2601 propter
2120 2502 2391 2601 magni-

443 2623 759 2698 tudinem
828 2619 1075 2717 popuii
1117 2622 1421 2696 Romani
1447 2621 1828 2700 inviolatos
1860 2623 1996 2699 sese
2024 2625 2217 2715 fore,
2260 2624 2391 2696 Ad-

439 2744 710 2819 herbali
778 2741 1108 2833 suadent,
1153 2744 1260 2816 uti
1316 2741 1527 2843 seque
1551 2801 1578 2847 ‚
1630 2764 1701 2818 et
1750 2746 2089 2844 oppidum
2142 2743 2386 2843 Iugur:-

443 2868 605 2942 thae
654 2866 879 2937 tradat
932 2892 951 2939 ε
1007 2883 1281 2942 tantum
1322 2866 1412 2937 ab
1449 2893 1538 2946 eo
1588 2869 1808 2941 vitam
1849 2864 2264 2963 paciscatur,
2297 2864 2385 2940 de

440 2990 689 3065 ceteris
733 2989 1013 3064 Senatui
1061 3014 1264 3064 curae
1295 2988 1491 3066 fore.
1522 2992 1616 3062 At
1638 2990 1753 3062 ille
1777 3045 1804 3079 ,
1856 2989 2120 3063 tametfi
2146 2990 2385 3066 omnia

438 3112 724 3211 potiora
764 3108 900 3186 fide
944 3108 1311 3210 Iugurthae
1374 3113 1700 3198 rebatur;
1746 3110 1914 3210 ‘quia
1961 3136 2171 3210 penes
2224 3109 2384 3185 eos-

437 3239 599 3313 dem
626 3294 651 3325 ,
701 3237 748 3313 fi
800 3237 1330 3329 advorsaretur‚
1358 3238 1656 3336 cogendi
1684 3234 1980 3335 potestas
2021 3253 2207 3326 erat,
2238 3238 2382 3326 ita,

382 3375 387 3381 '
440 3360 547 3434 uti
596 3359 1001 3435 censuerant
1044 3362 1308 3450 Italici,
1339 3361 1787 3472 'deditionem
1833 3358 2017 3432 facit.
2050 3361 2380 3458 Iugurtha

438 3483 513 3562 in
578 3488 817 3588 primis
879 3486 1344 3590 Adherbalem
1392 3484 1861 3562 excruciatum
1909 3502 2111 3561 necat
2149 3508 2167 3556 :
2216 3484 2379 3557 dein

530 3783 556 3823 1
600 3763 873 3850 Dispersa
894 3766 957 3824 in
994 3774 1197 3822 omnes
1225 3780 1354 3843 par·-
1467 3770 1524 3822 &
1553 3763 1712 3825 omni
1738 3783 1805 3821 ex
1829 3777 1991 3844 parte
2020 3760 2376 3848 Iugurthinis

438 3885 524 3931 tes
570 3872 871 3933 moenium
892 3913 912 3947 ,
955 3863 1084 3932 cuin
1137 3865 1348 3956 ubique
1456 3863 1602 3946 vesset
1630 3868 2006 3936 reostendum.
