2787 4602
481 350 630 466 '290
854 359 1056 448 'AD
1123 358 1206 437 c,
1288 326 2126 453 CAESAREM

481 528 749 616 adfint3
786 550 1014 626 neque
1062 524 1148 597 de
1190 521 1433 597 futuro
1480 524 1846 622 quisquam
1886 520 2040 596 satis
2085 520 2429 615 callidus}

482 651 777 750 satisque
839 644 1142 746 prudens
1208 642 1312 716 fit.
1422 644 1619 736 Quin
1676 642 1884 716 etiam
1951 640 2146 738 saepe
2208 668 2431 740 prava

480 776 693 873 magis
734 830 757 865 ,
805 796 1016 872 quam
1072 769 1263 842 bona
1318 765 1602 840 confilia
1647 763 1974 863 prospere
2018 767 2353 839 eveniunt
2405 787 2436 838 :-

481 898 647 996 quia
693 894 1056 993 plerasque
1085 900 1212 964 ‘reS
1248 886 1533 961 fortuna
1583 913 1669 959 ex
1702 887 2010 961 lubidine
2043 887 2160 961 sua
2192 891 2433 987 agitat.

483 1019 619 1094 Sed
679 1016 853 1089 mihi
900 1012 1201 1086 studium
1268 1008 1403 1084 fuit
1467 1008 1989 1083 adolescentulo
2046 1012 2436 1110 rempubli-

485 1166 638 1218 cam
689 1135 1055 1242 capeffere
1094 1163 1112 1209 :
1176 1152 1388 1233 atque
1445 1133 1519 1205 in
1575 1157 1654 1204 ea
1706 1131 2187 1230 cognoscenda
2249 1133 2437 1205 mul-

486 1281 677 1353 tam,
707 1282 1166 1363 magnamque
1210 1282 1448 1331 curam
1488 1253 1752 1329 habui:
1779 1280 1925 1328 non
1961 1257 2105 1348 ita,
2153 1257 2257 1329 uti
2298 1281 2437 1329 ma-

485 1358 844 1483 gistratum
901 1381 1120 1454 modo
1166 1404 1487 1477 caperem
1525 1432 1548 1469 ,
1595 1403 1805 1479 quem
1837 1370 2063 1453 multi
2088 1377 2285 1453 malis
2320 1400 2449 1450 ar»

486 1509 674 1582 tibus
715 1507 948 1603 adepti
989 1520 1254 1576 erant:
1305 1501 1422 1573 sed
1469 1501 1733 1592 etiam,
1792 1502 1896 1574 uti
1938 1501 2442 1598 rempublicam

487 1630 685 1717 domi
755 1628 1183 1725 militiaeque
1226 1678 1251 1716 ‚
1332 1642 1813 1725 quantumque
1887 1625 2091 1699 armis
2120 1680 2145 1718 ‚
2212 1628 2383 1702 viris
2414 1678 2445 1717 ,

493 1738 864 1850 epulentia
898 1749 1124 1847 poffet
1159 1803 1181 1839 ,
1212 1748 1565 1847 cognitam
1605 1749 1955 1825 haberem.
1999 1753 2240 1848 Itaque
2270 1750 2449 1825 mihi

492 1876 716 1949 multa
763 1900 924 1948 cum
975 1872 1212 1945 animo
1263 1856 1549 1969 agitanti
1590 1872 1949 1955 confilium
1982 1871 2154 1963 fuit,
2190 1872 2448 1947 famam

494 1995 1044 2093 modestiamque
1103 2019 1330 2067 meam
1392 1992 1549 2090 post
1603 2012 1795 2067 tuam
1859 1996 2265 2093 dignitatem
2316 1997 2451 2070 ha-

470 2120 710 2209 ‘bere‚
759 2135 830 2190 et
881 2116 1075 2190 cuius
1116 2116 1219 2186 rei
1275 2104 1911 2212 lubet‘periculum
1960 2116 2231 2207 facere,
2279 2118 2452 2190 dum

497 2240 674 2341 ‘quid
714 2238 842 2313 tibi
898 2262 987 2310 ex
1031 2260 1121 2309 eo
1167 2234 1430 2334 gloriae
1470 2236 1820 2310 acciderit.
1877 2238 2092 2338 quue
2143 2266 2292 2314 non
2342 2258 2454 2314 te-

505 2357 694 2437 mere
732 2416 756 2452 ‚
797 2377 917 2434 aut
976 2386 1063 2431 ex
1110 2357 1395 2432 fortuna
1444 2369 1569 2432 'tua
1626 2360 1957 2449 decrevi3
2003 2359 2121 2434 sed
2171 2362 2331 2461 quia
2379 2365 2457 2434 in

505 2467 627 2580 te,
673 2485 949 2583 praeter
1001 2473 1263 2556 ceteras
1293 2536 1317 2572 ‚
1369 2499 1594 2554 artem
1658 2508 1867 2555 unam
1920 2485 2190 2583 egregie
2244 2484 2458 2557 mira·-

510 2605 725 2683 bilem
774 2607 1138 2703 comperi,
1167 2604 1437 2705 semper
1470 2602 1600 2677 tibi
1645 2605 1979 2684 maiorem
2010 2607 2083 2677 in
2119 2606 2463 2699 adverfiS,

477 2709 727 2833 *quam
767 2730 858 2801 ‘in
901 2724 1216 2801 secundis
1250 2778 1275 2817 ‚
1317 2723 1524 2798 rebus
1573 2726 1881 2800 animum
1931 2728 2088 2802 efl'e.
2157 2730 2289 2803 Sed
2335 2755 2464 2828 per

521 2875 796 2931 ceteros
866 2851 1208 2942 mortales
1254 2849 1374 2922 illa
1437 2874 1545 2929 res
1609 2849 1865 2924 clarior
1930 2851 2027 2926 est
2052 2908 2078 2942 ,
2133 2853 2330 2952 quod
2388 2870 2464 2926 et

523 2979 716 3076 prius
769 2972 1001 3048 defeffi
1035 2972 1168 3046 fint
1220 2973 1542 3047 homines
1588 2953 1933 3046 laudando
1985 2992 2196 3072 atque
2245 2975 2467 3048 admi·

526 3099 750 3174 rando
816 3092 1357 3176 munificentiam
1416 3107 1611 3167 tuam
1634 3147 1659 3186 ,
1698 3119 1907 3192 quam
1958 3112 2040 3169 tu
2085 3095 2404 3170 faciendo
2437 3150 2468 3190 ,

530 3246 711 3324 quae
750 3220 973 3320 gloria
1012 3216 1218 3315 digna
1263 3215 1506 3289 effent.
1546 3249 1581 3284 0

1222 3341 1316 3413 C
1366 3361 1420 3412 A
1464 3361 1532 3415 P.
1637 3342 1753 3417 ΙΙ.
1855 3378 1859 3383 ’

632 3463 979 3563 Equidem
1019 3455 1192 3536 mihi
1234 3459 1593 3536 decretum
1634 3461 1732 3538 est
1752 3519 1778 3556 ‚
1817 3465 1989 3539 nihil
2020 3477 2162 3539 tam‘
2208 3489 2296 3539 ex
2326 3465 2478 3544 alto

540 3587 831 3685 reperiri
856 3575 1048 3685 poss‘e
1069 3641 1094 3679 ,
1125 3585 1322 3686 quod
1359 3603 1509 3658 non
1553 3576 1890 3686 cogitanti
1927 3585 2052 3661 tibi
2085 3590 2156 3660 in
2191 3607 2481 3686 promtu

543 3712 648 3786 fit.
713 3710 964 3809 Neque
1007 3697 1168 3808 ‘ego‘
1200 3765 1226 3802 ‚
1284 3735 1464 3810 quae
1527 3709 1672 3789 visa
1722 3710 1878 3784 sunt
1910 3763 1935 3802 ‚
2001 3712 2087 3785 de
2148 3711 2295 3808 rep.
2350 3710 2483 3784 tibi

550 3831 782 3936 scripsi
818 3886 847 3933 ‚
919 3830 1084 3933 quia
1154 3832 1331 3911 mihi
1413 3832 1775 3913 confilium
1836 3852 2049 3935 atque
2124 3835 2484 3934 ingenium
