2787 4602
478 332 574 425 w
1042 333 1899 416 SALLusril

476 491 553 571 in
599 490 908 571 senatum
950 495 1441 599 pervener-inu
1494 498 1810 595 profe&o
1857 500 2414 603 existumabuntg

475 644 590 698 me
623 620 836 716 magis
894 619 1146 692 merito
1165 672 1189 710 ,
1219 608 1435 718 'quam
1485 622 1759 719 ignavia
1783 678 1805 715 ‚
1835 626 2169 701 iudicium
2198 631 2411 706 animi

477 742 842 819 mutaviss'e
863 795 886 831 ‚
933 742 1291 841 maiusque
1361 746 1819 819 commodum
1869 773 1955 819 ex
2001 748 2161 822 otio
2193 775 2355 825 meo
2385 785 2414 823 2

337 965 348 971 ·
478 891 688 963 quam
728 891 815 939 ex
854 866 1154 943 aliorum
1203 867 1508 964 negotiis
1551 868 1970 966 reipublicae
2009 888 2421 950 venturum.

475 989 660 1062 Nam
692 987 886 1086 saepe
936 989 1174 1063 audivi
1199 990 1337 1081 ,Q.
1373 991 1827 1081 Maxumum,
1863 993 1935 1067 P.
1969 994 2415 1092 Scipionem,

477 1128 836 1214 praeterea
876 1111 1177 1190 civitatis
1236 1109 1511 1186 nostrae
1576 1113 1967 1215 praeclaros
2017 1117 2213 1190 viros
2251 1113 2419 1189 soli·-
2474 1141 2489 1215 j

477 1251 595 1305 tos
648 1233 744 1306 ita
805 1234 1101 1326 dicere,
1161 1237 1397 1309 CUM
1452 1226 1913 1311 MAIORUM
1971 1242 2437 1317 IMAGINES·

475 1357 1163 1431 INTUERENTUR
1209 1413 1234 1448 ‚
1316 1358 2167 1463 VEHEMENTISSUME
2256 1364 2418 1441 SIBI

474 1483 867 1558 ANIMUM
923 1486 1062 1557 AD
1122 1485 1629 1561 VIRTUTEM
1696 1484 2142 1559 ACCENDI.
2216 1485 2417 1558 Scili-

401 1644 418 1651 “
475 1623 592 1674 cet
639 1628 787 1677 non
833 1630 1064 1678 ceram
1098 1606 1286 1678 illam
1309 1661 1333 1696 ,
1372 1632 1603 1706 neque
1642 1606 1933 1706 figuram
1966 1614 2232 1683 tantam
2265 1609 2415 1685 vim

472 1725 546 1798 in
607 1725 744 1798 sese
814 1728 1121 1816 habere;
1184 1727 1322 1801 sed*
1374 1730 1714 1805 memoria
1779 1754 2012 1803 rerum
2075 1725 2415 1827 gestarum

471 1872 626 1919 eam
669 1848 1015 1928 flammam
1044 1851 1348 1949 ⁴egregiis
1388 1852 1559 1931 viris
1605 1852 1679 1925 in
1722 1851 2004 1950 pefiore
2052 1847 2355 1928 crescere
2387 1903 2414 1939 ,
2502 1896 2507 1903 -

366 1984 369 1987 ’
471 1996 701 2067 neque
765 1974 956 2068 prius
1013 1971 1229 2051 sedari
1248 2027 1273 2062 ‚
1323 1999 1534 2069 quam
1585 1973 1811 2045 virtus
1862 1967 2110 2044 'eorum
2137 1970 2414 2047 -famam

471 2109 683 2188 atque
730 2092 1021 2189 gloriam
1072 2092 1589 2190 adaequaverit.
1652 2096 1745 2163 At
1804 2110 2050 2167 contra
2071 2148 2096 2183 ‚
2131 2095 2285 2190 quis
2314 2092 2413 2169 est

473 2214 791 2308 omnium
840 2214 947 2286 his
987 2214 1299 2287 moribus
1320 2267 1342 2305 ‚
1389 2214 1559 2314 quin
1595 2214 1857 2288 divitiis
1896 2232 1979 2292 ‘et
2026 2214 2363 2310 sumtibus
2382 2270 2411 2307 ,

470 2360 620 2409 non
659 2336 1010 2436 probitate
1050 2362 1277 2436 neque
1312 2337 1642 2429 industria
1677 2363 1838 2418 cum
1865 2329 2242 2416 maioribus
2275 2336 2416 2412 suis'

471 2458 908 2532 contendat?
959 2460 1167 2532 etiam
1195 2439 1551 2558 ‘homines‘
1594 2463 1822 2553 novi,
1870 2463 1992 2564 qui
2040 2478 2244 2536 antea
2285 2483 2411 2562 per

343 2659 344 2662 ,
471 2579 811 2660 virtutem
847 2580 1034 2655 soliti
1065 2602 1262 2659 erant
1295 2584 1736 2668 nobilitatem
1777 2588 2223 2672 antevenire,
2264 2580 2411 2658 fur-

471 2702 600 2775 tim
633 2721 705 2775 et
752 2729 879 2801 per
926 2697 1292 2783 latrocinia
1350 2708 1589 2804 potius
1613 2761 1637 2798 ,
1686 2706 1948 2807 (quam
1978 2707 2179 2780 bonis
2202 2705 2405 2778 ’arti-

468 2826 650 2923 bus)
712 2828 800 2898 ad
842 2810 1131 2924 imperia
1196 2847 1269 2903 et
1316 2829 1625 2909 honores
1680 2831 2025 2907 nituntur.
2110 2826 2409 2925 proinde

467 2948 659 3056 quafi
714 2966 1033 3044 praetura
1094 2967 1168 3022 et
1215 2946 1624 3027 consulatus
1658 3005 1682 3045 ,
1729 2969 1942 3048 atque
1984 2950 2119 3028 alia
2169 2949 2409 3028 omnia
2493 2972 2500 2979 ·

291 3165 316 3176 μ
389 3151 390 3154 ,
469 3069 950 3150 huiuscemodi
1001 3069 1239 3167 per-se
1291 3065 1443 3167 'ipsa
1494 3073 1680 3149 clara
1708 3125 1732 3163 ,
1790 3070 2152 3170 magnifica
2221 3069 2349 3144 s1nt
2379 3099 2408 3159 3

469 3216 551 3270 ac
606 3217 753 3264 non
799 3193 1085 3292 perinde
1140 3193 1583 3285 habeantur,
1632 3211 1714 3269 ut
1758 3218 2005 3273 eorum
2031 3249 2057 3286 ‚
2094 3195 2216 3295 qui
2263 3192 2410 3267 sus-‘-

470 3318 736 3408 tinent,
787 3318 1010 3392 virtus
1057 3315 1174 3396 est
1243 3320 1514 3418 Verum
1554 3343 1687 3417 ego
1736 3317 2016 3395 liberius
2061 3318 2402 3414 altiusque

379 3505 382 3508 ,
470 3439 798 3535 processi,
848 3443 1014 3520 dum
1062 3465 1174 3519 me
1234 3440 1534 3520 civitatis
1575 3467 1856 3522 morum
1901 3443 2093 3547 piget
2131 3440 2401 3576 taedet·
2512 3512 2517 3518 .

475 3589 638 3662 que
686 3593 869 3647 nunc
902 3568 989 3642 ad
1033 3567 1390 3664 inceptum
1444 3564 1680 3645 redeo.

557 3848 591 3898 ,ι
622 3825 786 3894 Haec
807 3824 976 3889 verba
1012 3826 1227 3893 omittit
1264 3825 1525 3893 Remens.
1561 3847 1615 3904 3.,
