2787 4602
758 97 939 166 U„.

808 175 857 216 a

846 351 1723 448 IUGURTHAE
2129 396 2270 471 37

328 549 375 588 ¹·
396 513 537 610 feffi
557 533 834 635 laffique
856 552 1051 610 erant
1069 561 1091 621 ;
1113 552 1342 608 tamen
1361 589 1384 624 ,
1407 535 1602 634 quod
1623 531 1946 608 Metellus
1972 537 2268 634 amplius

331 658 668 755 opinione
701 658 1144 747 morabatur,
1185 636 1492 733 instiuffi
1533 658 1924 757 intentique
1977 657 2268 734 obviam

330 779 745 876 procedunt.
823 780 1005 852 Nam
1066 779 1271 852 dolus
1342 779 1805 860 Numidarum
1879 781 2054 854 nihil
2116 781 2267 853 lan-
2323 861 2330 868 ⁸

331 901 570 998 guidi,
618 925 844 1000 neque
901 899 1146 973 remiffi
1183 901 1598 998 patiebatur.
1676 904 1781 975 Ac
1824 904 2095 1001 prim0,
2133 901 2272 976 ob-

246 1005 251 1013 ·
332 1022 528 1096 scura
563 1024 800 1115 noste,
842 1023 1209 1124 postquam
1246 1024 1434 1100 haud
1457 1024 1710 1121 procul
1735 1025 1918 1096 inter
1945 1021 2268 1116 seerant,

331 1145 622 1244 strepitu
653 1201 677 1238 ‚
716 1146 917 1220 velut
951 1147 1180 1224 hostes
1206 1148 1583 1225 adventare
1601 1201 1624 1237 ‚
1654 1146 1853 1222 alteri
1876 1143 2059 1243 apud
2092 1145 2269 1218 alte-

330 1294 452 1343 ros
502 1251 949 1344 formidinem
1002 1269 1249 1362 simul,
1301 1287 1373 1343 et
1431 1269 1817 1345 tumultum
1870 1266 2148 1343 facere:
2196 1284 2271 1346 et

331 1416 552 1492 paene
590 1391 1056 1490 imprudentia
1115 1390 1479 1464 admiffum
1516 1388 1781 1465 facinus
1826 1387 2210 1466 miserabile
2242 1443 2271 1482 ‚

332 1514 409 1590 ni
443 1514 792 1614 utrimque
840 1513 1177 1612 praemiffi
1215 1515 1485 1613 equites
1517 1537 1664 1588 rem
1705 1510 2271 1609 exploraviffent.

333 1636 574 1733 Igitur,
602 1662 734 1733 pro
764 1656 958 1712 metu
982 1692 1004 1727 ‚
1026 1655 1312 1736 repente
1347 1637 1675 1735 gaudium
1698 1654 2023 1710 exortum
2039 1689 2063 1724 ,
2088 1635 2275 1709 mili-

334 1774 440 1830 tes
473 1757 645 1847 alius
682 1759 894 1830 alium
932 1755 1097 1836 la‘eti
1135 1759 1530 1855 adpellant,
1576 1759 1724 1830 aila
1767 1759 2070 1832 edocent
2091 1811 2115 1847 ‚
2167 1773 2276 1829 at·

337 1905 479 1978 que
524 1880 816 1956 audiunt
847 1906 865 1950 τ
917 1879 1037 1955 sua
1071 1882 1364 1980 quisque
1404 1880 1614 1953 fortia
1655 1865 1828 1959 faeia
1869 1879 1958 1955 ad
1994 1877 2275 1953 coelum

335 2001 541 2076 ferre.
590 2004 874 2101 Quippe
897 2030 1007 2078 res
1043 2005 1382 2077 humanae
1411 2003 1511 2076 ita
1545 2000 1683 2076 sese
1712 2001 2002 2076 habent:
2033 1999 2106 2076 in
2133 2001 2278 2077 vic·

331 2125 520 2197 toria
554 2124 672 2199 vel
699 2125 963 2223 ignavis
992 2126 1278 2228 gloriari
1314 2125 1518 2213 licet;
1549 2124 1884 2200 advorsae
1930 2148 2039 2197 res
2067 2126 2276 2200 etiam
2555 2151 2598 2230 g

335 2247 567 2322 bonos
607 2266 633 2297 ²
669 2248 1073 2324 detreEtant.
1116 2249 1442 2323 Metellus
1483 2251 1555 2323 in
1590 2250 1808 2324 isdem
1839 2246 2069 2329 castris
2099 2275 2274 2349 qua·
2311 2264 2400 2344 54
2623 2245 2633 2256 “

338 2371 581 2443 triduo
613 2389 925 2445 moratus
949 2426 972 2462 ‚
1015 2372 1283 2446 saucios
1316 2399 1479 2447 cum
1509 2400 1673 2451 cura
1700 2373 1924 2451 reficit
1944 2427 1967 2462 ,
1987 2350 2276 2448 meritos

314 2495 410 2572 uin
440 2492 713 2589 praeliis
743 2510 943 2566 more
979 2493 1264 2570 militiae
1302 2494 1561 2585 donat,
1593 2493 1957 2571 universos
2000 2496 2074 2567 in
2096 2520 2275 2573 con·-

336 2617 544 2690 cione
575 2616 807 2693 laudat
837 2672 860 2707 ,
902 2635 1112 2716 atque
1140 2618 1280 2715 agit
1299 2619 1549 2715 gratias
1578 2644 1602 2705 ;
1638 2617 1962 2690 hortatur
1981 2671 2005 2706 ‚
2032 2617 2121 2690 ad
2154 2644 2276 2691 ce·-

338 2759 489 2815 tera
513 2795 537 2831 ‚
572 2766 749 2840 quae
786 2740 969 2814 levia
1009 2762 1029 2807 ³
1067 2738 1268 2831 sunt,
1330 2765 1571 2838 parem
1628 2741 1935 2812 animum
1991 2758 2274 2837 gerant:

338 2889 470 2961 pro
523 2864 818 2939 viiioria
862 2861 1018 2937 satis
1066 2864 1204 2936 iam
1242 2880 1625 2962 pugnatum
1658 2918 1682 2954 ‚
1727 2863 2036 2962 reliquos
2075 2861 2274 2936 laho-

338 3013 449 3064 res
506 3014 637 3087 pro
702 2988 958 3087 praeda
1023 2985 1202 3065 fore.
1298 2989 1569 3068 Tamen
1632 2986 1913 3063 interim
1976 2984 2277 3059 transfu-

413 3233 436 3271 1
458 3278 463 3281 v
483 3211 622 3289 Feffi
651 3211 710 3274 h.
753 3234 806 3273 e.
841 3212 969 3275 satis
996 3215 1241 3280 habuere
1349 3243 1354 3249 ·
1431 3240 1462 3278 2
1508 3217 1681 3281 Cott.
1722 3236 1949 3278 revocat
1975 3222 2274 3291 ‹iarael-we·

338 3315 622 3382 laborum.
644 3318 790 3397 Laffi
811 3318 868 3381 h.
892 3340 944 3380 e.
973 3325 1238 3409 corporis
1361 3322 1607 3384 Perinde
1629 3324 1709 3383 fit.
1727 3324 1823 3383 Est
1836 3343 1984 3384 certe
2006 3348 2037 3384 e
2054 3342 2276 3385 contra-

339 3424 555 3485 viribus
581 3423 697 3485 fere
732 3424 1071 3490 defecerant.
1090 3430 1251 3504 Alii,
1373 3432 1463 3489 rio
1512 3431 1668 3493 idem
1690 3475 1707 3504 ‚
1755 3450 1821 3490 ac
1844 3454 1858 3490 ε
1883 3448 1958 3490 ut
1997 3427 2149 3491 male
2170 3452 2275 3507 au·-

341 3551 406 3593 ut
448 3530 587 3591 Ald.
629 3550 759 3591 cett.
815 3553 883 3597 ex
942 3536 1108 3599 codd.
1138 3536 1242 3599 de«
1369 3535 1528 3595 diant
1557 3535 1868 3607 ,efficiunt.

345 3637 479 3696 dere
506 3638 730 3719 laetique
771 3635 890 3700 scil.
916 3639 1138 3721 praelio
1157 3639 1250 3701 se-
1442 3663 1468 3719 3
1496 3641 1593 3700 Sic
1614 3640 1753 3702 Ald.
1782 3652 1839 3705 &
1879 3666 2081 3706 omnes
2107 3644 2278 3707 MSS.

347 3745 536 3805 cundo
562 3767 581 3822 3
616 3744 705 3804 sed
741 3745 803 3804 id
833 3766 958 3813 non
984 3749 1256 3841 convenit
1374 3747 1525 3817 Edd.
1552 3747 1849 3837 plunsmt.

345 3872 779 3939 taquamquam.
