2787 4602
518 358 653 463 ηε
1047 358 1898 438 SALLUSTII

502 523 664 599 dam
709 522 1157 623 negotiorum
1184 540 1475 595 curator
1504 576 1528 613 ,
1576 521 1753 597 fidus
1813 521 2318 624 acceptusque,
2366 538 2448 600 et

450 729 457 733 .
500 645 823 719 omnium
891 644 1332 717 consiliorum
1355 699 1378 735 ‚
1421 644 1565 716 nifi‘
1599 643 2017 735 noviffumi,
2068 648 2440 743 pmicepS.

504 766 657 859 Qui
706 764 1069 863 postquam
1125 766 1381 840 adlatas
1433 767 1694 840 litteras
1740 769 2009 841 audivit
2049 821 2072 858 ,
2119 793 2207 840 ex
2254 794 2439 840 con-

502 888 864 962 suetudine
911 908 1100 981 ratus
1149 915 1363 986 opera
1418 908 1538 963 aut
1567 890 1847 990 ingenio
1882 891 2007 965 suo
2037 919 2215 990 opus
2256 893 2387 966 effe
2408 947 2437 984 ‚

500 1011 578 1085 in
607 1010 1127 1084 tabernaculum
1162 1011 1485 1085 introivit
1519 1036 1536 1081 ε
1578 1013 1972 1101 dormiente
2013 1015 2138 1087 illo
2181 1014 2435 1112 episto-

499 1133 665 1225 lam,
687 1132 890 1230 super
916 1151 1124 1229 caput
1144 1132 1217 1205 in
1246 1134 1542 1231 pulvino
1573 1153 1833 1209 temere
1858 1138 2149 1235 positam
2177 1192 2201 1229 ,
2222 1137 2433 1235 sumit

386 1326 427 1331 ,e
497 1281 579 1330 ac
627 1256 941 1354 perlegit.
1013 1255 1173 1327 dein
1217 1282 1518 1353 propere
1552 1311 1576 1348 ,
1629 1259 1925 1355 cognitis
1991 1259 2243 1332 infidiis
2266 1313 2289 1348 ‚
2338 1259 2428 1331 ad

495 1403 733 1477 regem
766 1379 1011 1476 pergit.
1059 1377 1398 1450 Nabdalsa
1421 1431 1443 1468 ,
1477 1378 1633 1475 post
1675 1380 1914 1475 paullo
1947 1381 2428 1477 experrectus,

391 1535 400 1541 ·
495 1499 618 1572 ubi
663 1526 892 1597 neque
944 1499 1303 1596 epistolam
1369 1504 1629 1597 reperit
1670 1555 1694 1590 ‚
1752 1518 1822 1572 et
1851 1526 2024 1581 ‚rem
2093 1525 2426 1591 omnem,

490 1622 597 1694 uti
656 1622 801 1709 aEta
823 1673 846 1712 ,
886 1639 907 1671 ¹
954 1620 1297 1719 cognovit
1349 1648 1370 1692 z
1442 1621 1672 1717 primo
1730 1621 2030 1693 indicem
2100 1620 2425 1721 persequi

490 1760 823 1830 conatus;
873 1740 1240 1839 postquam
1319 1743 1392 1814 id
1452 1742 1699 1815 frustra
1758 1742 1952 1844 fuit,
2017 1745 2422 1841 Iugurtham

488 1866 805 1964 placandi
868 1865 1083 1964 gratia
1128 1866 1468 1968 accedit,
1521 1882 1548 1913 ²
1586 1891 1762 1964 quae
1843 1864 1982 1962 ipse
2052 1865 2421 1963 paraviffet

482 2003 517 2049 *³
552 1987 776 2059 facere
839 1986 1127 2083 perfidia
1172 1985 1442 2059 clientis
1498 1987 1601 2059 sui
1632 2008 1665 2052 4
1698 2009 2072 2085 praeventa
2116 2015 2135 2058 :
2188 1988 2420 2061 lacru-

481 2133 678 2182 mans
707 2104 1087 2178 obtestatur
1128 2130 1254 2202 per
1301 2107 1723 2198 amicitiam.
1774 2135 2035 2207 perque
2066 2108 2181 2180 sua
2212 2122 2431 2182 antea‘

480 2228 782 2304 fideliter
838 2230 1031 2336 acta,
1059 2284 1065 2309 ς,
1098 2253 1187 2299 ne
1251 2218 1454 2326 super
1524 2230 1644 2301 tali
1693 2228 1960 2328 {celere
2032 2227 2415 2326 suspectum

355 2371 454 2442 72
480 2356 620 2430 sese
657 2356 961 2430 haberet.
998 2355 1109 2427 Ad
1167 2378 1246 2427 ea
1290 2380 1415 2428 rex
1462 2355 1702 2444 aliter,
1727 2367 1950 2454 'atque
2013 2355 2243 2427 animo
2290 2378 2413 2451 ge·-

478 2480 716 2571 rebat,
745 2481 1011 2577 placide
1057 2477 1434 2576 respondit.
1486 2479 1869 2554 Bomilcare
1909 2475 2189 2576 aliisque
2227 2474 2408 2546 mul·-

476 2603 567 2692 tis
593 2659 620 2693 ,
675 2627 854 2702 quos
915 2600 1142 2675 socios
1203 2602 1595 2675 insidiarum
1650 2617 2127 2697 cognoverat,
2191 2599 2408 2671 inter-
2497 2601 2502 2606 ‘

348 2819 353 2820 ἢ
475 2728 668 2800 festis
703 2780 728 2818 ‚
778 2727 951 2799 iram
988 2724 1413 2823 opprefl'erat
1450 2752 1468 2797 ε
1520 2748 1607 2796 ne
1655 2748 1791 2820 qua
1834 2747 1920 2794 ex
1959 2747 2047 2794 eo
2112 2722 2404 2819 negotio

471 2846 722 2921 seditio
772 2848 1096 2921 oriretur.
1130 2849 1376 2944 Neque
1410 2844 1566 2941 post
1587 2847 1659 2919 id
1680 2847 2004 2950 locorum
2031 2842 2402 2939 Iugurthae
2511 2833 2518 2840 ’

468 2969 664 3059 dies,
739 2988 860 3042 aut
896 2995 1049 3041 nox
1091 2969 1233 3040 ulla
1304 2969 1540 3066 quieta
1593 2965 1789 3039 fuere
1831 2991 1849 3036 ε
1898 2987 2124 3062 neque
2176 2962 2340 3037 loco
2368 3018 2401 3052 ,

466 3115 697 3191 neque
749 3091 1030 3163 mortali
1075 3089 1400 3187 cuiquam
1418 3144 1443 3183 ‚
1496 3106 1618 3164 aut
1670 3086 1976 3184 tempori
2049 3086 2208 3162 satis
2246 3111 2401 3160 cre-

550 3310 579 3349 1
621 3286 803 3374 Vulg.
837 3310 907 3348 ex
944 3281 1179 3370 perfugis
1217 3307 1365 3368 cogn.
1486 3283 1787 3361 insertam,
1812 3285 1920 3346 fide
1943 3280 2141 3347 Guelf.
2162 3305 2193 3341 2
2226 3281 2395 3344 Cort.
2438 3314 2441 3317 ·

461 3393 605 3455 'Ald.
643 3404 698 3455 &
731 3389 850 3455 Pal.
899 3416 925 3472 3
979 3416 1046 3453 ex
1059 3395 1230 3474 strvis
1258 3414 1368 3476 cog.
1489 3393 1663 3454 delet.

460 3498 676 3559 Nazar.
727 3519 965 3582 expertus
1005 3522 1150 3584 cogn.
1206 3499 1369 3561 Hinc
1576 3521 1602 3579 3
1664 3500 1859 3559 Facere
1902 3495 2157 3557 additum
2215 3490 2387 3555 Con.
2443 3547 2448 3552 ,

461 3605 907 3666 additamentum
952 3627 1023 3664 ex
1071 3626 1119 3665 c.
1162 3625 1231 3684 73
1266 3626 1367 3685 pe·
1490 3624 1550 3665 ut
1578 3598 1854 3689 gloffam,
1898 3600 2119 3661 abiecit.

461 3712 632 3773 titum
667 3707 839 3769 Grut.
862 3712 1158 3770 existimat.
1281 3712 1283 3715 ⁴
1374 3699 1379 3710 ’
1564 3736 1603 3785 4
1628 3712 1728 3771 Sic
1751 3710 1886 3772 Ald.
1911 3716 1966 3766 &
1984 3724 2187 3766 omnes
2213 3700 2388 3780 MSS.

541 3838 574 3876 2
623 3813 850 3878 Vocem
886 3816 1017 3874 dicit
1057 3813 1212 3899 vulg.
1252 3805 1355 3878 liic
1478 3816 1658 3901 Vulg.
1692 3831 2050 3899 praeventum.
