2787 4602
931 322 1810 435 IUG'URTHA:
1936 378 1940 389 ·
2190 370 2336 459 '135

400 542 525 598 nes
564 521 860 598 restituit
893 577 917 614 ‚
957 541 1027 595 et
1061 522 1391 597 cohortes
1425 521 1856 621 ‚legionarias
1895 521 2038 595 11112
2074 518 2337 595 advor-

399 645 550 719 sum
597 649 864 744 pedites
905 644 1225 735 hostium
1232 645 1577 721 collocat.
1607 671 1861 722 eorum
1891 666 2136 740 magna
2175 668 2336 740 pars

395 765 875 866 superioribus
901 768 1073 840 locis
1126 766 1289 839 feffa
1324 764 1752 841 consederat.
1838 759 2058 837 Simul
2091 789 2331 853 orare,

394 889 663 965 hortari
712 893 965 968 milites
993 945 1018 981 ,
1091 916 1177 962 ne
1246 888 1676 978 deficerent,
1740 914 1877 960 neu
1927 903 2335 982 paterentur

393 1012 609 1088 hostis
665 1014 1007 1111 fugientes
1049 1014 1380 1089 vincere:
1417 1036 1665 1109 neque
1711 1011 1842 1084 illis
1895 1008 2109 1081 castra
2145 1009 2278 1081 effe
2305 1064 2332 1099 ‚

394 1162 624 1235 neque
664 1139 1174 1210 munimentum
1210 1135 1479 1223 ullum,
1529 1157 1673 1230 quo
1717 1115 2054 1204 'cedentes
2081 1132 2331 1203 tende-

393 1275 551 1329 rent
590 1285 606 1330 :
645 1258 715 1328 in·
750 1259 951 1329 armis
1001 1257 1237 1329 omnia
1272 1256 1414 1327 fita.
1473 1254 1608 1333 Sed
1656 1279 1742 1340 ne
1793 1254 2123 1351 Iugurtha
2174 1255 2356 1351 qui-²

393 1376 554 1448 dem
600 1376 863 1450 interea
910 1377 1188 1475 quietus
1236 1404 1251 1448 z
1301 1377 1667 1473 cirettmire
1694 1428 1719 1466 ‚
1769 1376 2073 1465 hortari,
2099 1399 2352 1449 —reno-·

391 1524 558 1572 vare
596 1501 979 1596 praelium,
1026 1519 1097 1573 et
1145 1497 1285 1596 ipse
1339 1525 1499 1572 cum
1552 1498 1812 1572 dil-cais
1859 1516 2126 1571 tentare
2165 1523 2325 1569 om·-

391 1620 504 1692 nia
557 1645 574 1688 :
636 1620 1000 1693 subvenire
1071 1620 1204 1692 suis
1238 1676 1260 1710 ,
1337 1620 1650 1693 hostibus
1730 1621 1955 1694 dubiis
2025 1618 2273 1691 instare
2300 1672 2331 1709 ‚

388 1766 569 1837 quos
611 1758 629 1790 ¹
666 1741 907 1812 firmos
955 1760 1386 1836 cognoverat
1411 1796 1434 1831 ‚
1491 1744 1756 1814 eminus
1807 1743 2182 1838 pugnando
2216 1766 2329 1812 re·-

391 1861 635 1933 tinere.
678 1865 784 1933 Eo
825 1859 1043 1932 modo
1091 1861 1272 1931 inter
1326 1859 1596 1945 seduo
1646 1861 2100 1957 imperatores
2138 1859 2327 1934 sum-
2368 1887 2460 1967 5²-

388 1983 486 2053 mi
548 1984 681 2055 viri
745 1984 1098 2060 certabant
1149 2009 1166 2052 ε
1238 1983 1361 2078 ipfi
1420 2009 1660 2080 pares,
1718 2002 2026 2091 ceterum
2076 1984 2331 2080 opibus

387 2100 788 2198 disparibus.
899 2108 1080 2177 Nam
1137 2106 1433 2178 Metello
1496 2106 1719 2179 virtus
1772 2105 2072 2178 militum
2124 2123 2270 2177 erat
2301 2159 2346 2197 ‚-

385 2222 583 2295 locus
649 2224 984 2298 advorsus
1038 2254 1055 2297 ε
1111 2226 1483 2325 Iugurthae
1527 2227 1659 2300 alia
1717 2227 1995 2320 omnia,
2050 2247 2328 2326 praeter

384 2346 640 2420 milites
671 2400 695 2436 ,
763 2366 1207 2444 opportuna.-
1251 2351 1590 2449 Denique
1636 2352 1991 2443 Romani,
2050 2353 2172 2422 ubi
2212 2353 2327 2424 in·-

384 2467 725 2565 tellegunt
753 2523 776 2558 ‚
823 2495 1050 2567 neque
1105 2470 1227 2541 fibi
1283 2471 1678 2570 perfugium
1736 2475 1906 2563 effe,
1956 2499 2185 2570 neque
2236 2474 2344 2546 ab

383 2589 582 2662 hoste
623 2593 899 2689 copiam
950 2593 1302 2691 pugnandi
1356 2592 1554 2680 fieri3
1609 2611 1681 2665 et
1729 2593 1868 2665 iam
1919 2594 2031 2666 die
2076 2593 2328 2691 vesper

383 2729 571 2798 erat3
628 2712 930 2788 advorso
984 2716 1221 2807 «colle,
1277 2715 1476 2792 ficuti
1539 2730 1989 2812 praeceptum
2033 2714 2261 2789 fuerat
2294 2770 2326 2808 ,

383 2833 714 2906 evadunt.
773 2835 1036 2908 Amiffo
1084 2837 1250 2913 loco
1285 2891 1309 2928 ‚
1354 2839 1697 2912 Numidae
1738 2836 1864 2910 fust
1910 2837 2268 2938 fugatique
2292 2892 2322 2931 ‚

380 2955 583 3051 pauci
630 2956 997 3044 interiere3
1035 2959 1411 3058 plerosque
1452 2961 1790 3035 velocitas
1829 2981 1901 3036 et
1936 2964 2128 3059 regio
2178 2963 2338 3035 ho·-

382 3073 591 3147 stibus
624 3077 857 3172 ignara
892 3097 1115 3152 tutata
1165 3080 1341 3156 sunt.
1388 3086 1657 3164 Interea
1694 3085 2074 3176 Bomilcar,
2103 3110 2316 3181 quem

376 3196 763 3291 elephantis
804 3218 874 3272 et
920 3202 1100 3296 parti
1136 3205 1496 3301 copiarum
1535 3206 1953 3302 pedestn'um
1999 3207 2317 3304 praefec-

361 3333 533 3400 -tum
561 3316 647 3388 ab
684 3320 1010 3416 Iugurtha
1047 3322 1245 3420 supra
1285 3327 1582 3410 diximus
1612 3381 1636 3417 ,
1663 3328 1796 3400 ubi.
1820 3353 1979 3401 eum
2008 3327 2316 3404 Rutilius

376 3431 910 3538 praeteigreffus
954 3444 1091 3536 est,
1132 3447 1493 3542 paullatim
1532 3445 1693 3519 suos
1735 3448 1809 3519 in
1850 3472 2150 3546 aequum
2194 3449 2315 3539 lo-,

467 3736 490 3776 ι
532 3717 644 3777 Int.
674 3716 865 3778 hostes
895 3717 917 3799 (
945 3718 1282 3804 RomanoS.)
1405 3721 1814 3789 inclinantibus
1839 3727 1909 3788 in
1940 3724 2158 3812 fugam}

372 3819 609 3886 Firmos
677 3828 934 3909 opponit
1006 3827 1192 3886 dubiis
1234 3827 1279 3892 s.

1837 3919 1939 4011 14
