2787 4602
784 326 1784 425 FRAGMENTA.
2159 329 2295 424 ιη

371 490 470 566 tia
514 490 586 563 in
639 513 767 562 ore
816 486 1051 562 vestro
1113 488 1425 585 privatus
1454 541 1478 576 ,
1545 504 1620 561 et
1689 487 1765 560 in
1824 482 2327 584 magistratibus

360 614 537 713 egi:
588 613 711 715 qui
776 610 1012 707 lingua
1047 663 1070 700 ‚
1144 608 1272 708 qui
1332 607 1622 701 consilio
1693 633 1855 683 meo
1891 663 1917 700 ,
1998 609 2118 708 qui
2192 636 2324 707 pe-

340 736 568 831 cunia
626 733 938 808 ‘voluere
982 786 1006 823 ‚
1065 732 1162 805 usi
1210 730 1399 804 sunt
1442 758 1461 803 :
1526 738 1753 830 neque
1815 756 1947 829 ego
2002 731 2322 807 callidam

357 856 757 968 facundiam
785 908 809 947 ,
864 868 1091 953 neque
1135 853 1492 950 ingenium
1545 853 1633 924 ad
1656 852 2274 935 *malefaciundum
2295 908 2324 949 ‚

240 1010 277 1018 ..
340 974 648 1052 exercui
707 1006 727 1051 :
769 976 1213 1077 avidissumus
1283 974 1595 1072 privatae
1652 976 1907 1071 gratiae
1973 1003 2329 1057 maxumas

363 1099 770 1174 inimicitias
849 1123 978 1196 pro
1051 1094 1408 1195 republica
1494 1094 1755 1191 suscepi
1829 1123 1848 1167 :
1914 1101 2035 1194 qui
2099 1102 2325 1179 vitius

372 1246 538 1295 cum
591 1200 709 1294 illa
749 1219 947 1293 fimul
982 1274 1005 1311 ‚
1066 1246 1227 1293 cum
1284 1243 1490 1317 egens
1542 1219 1803 1293 alienae
1862 1218 2016 1313 opis
2060 1273 2083 1309 ‚
2128 1221 2342 1315 plura

370 1342 554 1415 mala
611 1340 1121 1440 exspessarem3
1170 1356 1302 1413 vos
1345 1393 1369 1430 ,
1440 1341 1797 1432 QuiriteS,
1854 1340 2086 1427 rursus
2156 1343 2332 1415 mihi

380 1465 675 1561 patriam
708 1519 759 1557 ‚⁴
786 1467 957 1537 deos
1038 1464 1307 1538 Penatis
1342 1517 1366 1553 ‚
1438 1488 1599 1537 cum
1672 1461 1934 1559 ingenti
1997 1461 2332 1559 dignitate

372 1588 674 1664 dedistis.
739 1591 877 1664 Pro
945 1587 1199 1686 quibus
1271 1585 1623 1659 beneficiis
1684 1587 1807 1658 vix
1868 1584 2022 1659 satis
2097 1564 2333 1682 gratus

368 1709 619 1783 videar
650 1754 677 1799 -‚
724 1709 772 1781 fi
812 1710 1088 1806 singulis
1124 1709 1424 1799 animam
1455 1763 1477 1797 ‚
1526 1735 1734 1806 quam
1783 1733 2064 1806 nequeo
2096 1760 2120 1797 ‚
2154 1695 2332 1780 con-

344 1824 713 1925 cesserim.
772 1833 955 1904 Nam
1002 1831 1152 1904 vita
1208 1849 1277 1902 et
1333 1857 1526 1902 mors
1583 1831 1732 1905 iura
1774 1850 2060 1903 naturae
2110 1825 2266 1915 sunt
2311 1871 2331 1919 2

373 1955 487 2026 uti
542 1953 679 2026 fine
736 1954 1079 2031 dedecore
1132 1976 1293 2026 cum
1349 1951 1623 2025 civibus
1661 2006 1685 2042 ,
1752 1951 1933 2023 fama
1990 1954 2068 2024 &
2113 1947 2333 2022 fortu-

376 2074 486 2146 nis
536 2075 806 2174 integer
873 2062 1078 2173 aga3,'
1145 2075 1241 2165 id,
1274 2075 1470 2146 dono
1540 2075 1742 2146 datur
1794 2092 2006 2172 atque
2076 2069 2334 2179 accipi-

381 2214 521 2272 tur.
594 2196 934 2270 Consules
991 2222 1122 2270 nos
1172 2194 1470 2287 fecistis,
1516 2197 1828 2290 Quirites
1861 2250 1885 2286 ‚
1944 2190 2139 2264 domi
2182 2187 2332 2261 bel-

379 2319 573 2416 lique
645 2319 1182 2418 impeditissuma
1237 2326 1409 2417 διἐη).
1481 2318 1804 2418 Namque
1871 2320 2333 2413 Imperatores

382 2438 749 2538 Hispaniae
810 2439 1224 2538 stipendium
1255 2494 1279 2530 ,
1335 2439 1590 2512 milites
1632 2493 1657 2528 ‚
1717 2463 1903 2514 arma
1937 2490 1961 2530 ‚
2018 2436 2333 2509 frumen-

380 2581 541 2655 tum
588 2560 886 2660 poscunt
927 2589 951 2648 3
1004 2579 1075 2635 et
1137 2561 1210 2634 id
1274 2587 1382 2634 res
1428 2561 1618 2658 cogit
1653 2586 1677 2648 3
1720 2557 2054 2657 quoniam
2099 2553 2334 2627 defec-
2373 2546 2379 2553 ’

381 2684 591 2756 tione*
641 2681 995 2755 sociorum
1051 2700 1122 2756 et
1175 2683 1468 2758 Sertorii
1507 2707 1633 2780 per
1683 2696 1959 2753 montes
2009 2675 2174 2776 fiiga
2212 2701 2337 2752 ne·-

263 2889 268 2894 ,
382 2830 526 2904 que
564 2797 785 2879 ‘manu
840 2823 1104 2879 certare
1152 2804 1441 2902 possunt
1472 2858 1496 2895 ‚
1551 2828 1779 2902 neque
1827 2800 2024 2876 utilia
2069 2821 2339 2896 parare.
2409 2896 2418 2904 .

344 2969 345 2972 π
385 2929 753 3001 Exercitus
814 2928 886 2999 in
944 2907 1099 3001 ‘Afia
1145 2929 1527 3027 Ciliciaque
1577 2926 1673 3001 ob
1717 2925 1956 3000 nimias
1996 2946 2168 3019 opes
2198 2921 2337 3032 Mi-

383 3051 708 3124 thridatis
747 3052 1029 3126 aluntur
1072 3080 1091 3129 .·²
1134 3049 1549 3125 Macedonia
1591 3049 1796 3147 plena
1841 3046 2145 3126 hostium
2174 3043 2273 3117 'est
2311 3071 2336 3118 t

387 3197 523 3245 nec
590 3172 815 3248 minus
881 3174 1112 3248 Italiae
1169 3173 1540 3273 marituma
1582 3227 1605 3263 ‚
1658 3190 1732 3246 et
1770 3169 2337 3272 provinciarum:
2431 3211 2434 3214 >

391 3320 559 3368 cum
608 3293 888 3390 interim
948 3276 1307 3392 vekiigalia
1359 3320 1576 3391 parva
1609 3347 1633 3384 ,
1668 3312 1739 3366 et
1790 3290 1989 3364 bellis
2035 3290 2341 3389 incerta,

391 3417 521 3504 vix
575 3434 847 3512 partem
900 3415 1252 3489 sumtuum
1315 3414 1694 3488 sustinent:
1729 3414 1832 3488 ita
1873 3413 2342 3514 claffe,'quae

397 3545 830 3614 commeatus
878 3537 1203 3612 tuebatur
1234 3590 1259 3628 ‚
1326 3536 1596 3608 minore
1656 3561 1865 3636 quam
1930 3555 2093 3644 ante
2136 3538 2342 3611 navi-

396 3686 658 3758 gamus,
725 3664 913 3735 Haec
958 3659 1008 3730 fi
1080 3657 1252 3730 dolo
1327 3676 1448 3732 aut
1516 3657 1834 3733 socordia
1886 3659 2121 3735 nostra
2168 3684 2343 3754 con-

397 3784 615 3859 trafta
664 3783 820 3858 sunt
856 3838 881 3876 ,
945 3775 1051 3858 uti
1099 3799 1342 3857 monet
1384 3782 1484 3856 ira
1518 3837 1549 3882 ,
1591 3781 2002 3958 suppliciam
2047 3782 2337 3862 sumite:

1981 3909 2035 3980 4
