2787 4602
549 374 691 470 3&
856 326 2094 469 ,⁴DECLAMAT10

542 534 840 641 pueritia
910 534 1141 611 vixisti
1180 588 1204 627 ‚
1266 536 1373 610 uti
1444 536 1618 612 nihil
1702 537 2129 637 flagitiosum
2212 536 2499 636 corpori

541 677 668 732 tuo
720 675 997 755 putares
1037 710 1061 749 ,
1119 659 1316 757 quod
1371 659 1571 732 alteri
1627 659 2116 767 collibuisset?
2173 661 2455 733 Scilicet
2476 713 2502 750 ,

535 777 734 853 istam
786 780 1318 854 immoderatam
1381 779 1858 882 eloquentiam
1908 783 2103 879 apud
2161 781 2265 858 M.
2308 781 2500 855 Piso-

541 912 702 973 nem
756 923 903 975 non
954 903 1328 999 pudicitiae
1389 902 1652 978 iactura
1716 901 2204 1002 perdidicisti?
2259 903 2500 1004 Itaque

536 1025 846 1100 minume
893 1024 1284 1098 mirandum
1326 1021 1424 1095 est
1453 1078 1477 1117 ,
1511 1025 1704 1123 quod
1748 1051 1900 1099 eam
1941 1016 2294 1124 flagitiose
2329 1053 2501 1102 ven·

537 1151 712 1224 ditas
733 1200 758 1241 ,
801 1174 1010 1249 quam
1068 1147 1478 1245 turpiss‘ume
1516 1147 1783 1245 parasti.
1850 1151 2126 1249 Verum
2138 1204 2177 1247 ρ
2219 1168 2304 1222 ut
2336 1149 2496 1246 opi·-

538 1297 673 1349 nor
707 1325 732 1365 ,
801 1269 1129 1369 splendor
1184 1269 1602 1344 domesticus
1651 1261 1782 1344 tibi
1850 1252 2126 1346 animos
2186 1271 2431 1367 attolit
2474 1293 2499 1358 ;

538 1420 724 1469 uxor
772 1392 1094 1491 sacrilega
1123 1447 1147 1484 ‚
1197 1418 1277 1466 ac
1329 1392 1646 1490 periuriis
1691 1391 2037 1497 delibuta3
2080 1392 2231 1489 filia
2262 1392 2501 1475 matris

536 1517 768 1617 pellex
808 1568 832 1607 ,
912 1514 1041 1592 tibi
1119 1514 1494 1589 iucundior
1525 1568 1549 1606 ,
1630 1532 1839 1613 atque
1918 1513 2436 1614 obsequentior
2473 1514 2515 1603 ,‘

532 1663 747 1740 quam
794 1637 1066 1735 parenti
1127 1661 1253 1734 par
1295 1633 1417 1708 est.
1477 1636 1800 1709 Domum
1856 1633 2072 1732 ipsam
2120 1652 2329 1708 tuam
2375 1634 2497 1725 vi,

445 1822 446 1827 ,
533 1780 610 1837 et
666 1760 921 1861 rapinis
949 1813 975 1850 ,
1037 1756 1375 1833 funestam
1424 1756 1557 1831 tibi
1621 1782 1723 1832 acv
1763 1755 1901 1831 tuis
1932 1811 1956 1848 ,
2018 1755 2491 1855 comparasti:

536 1884 869 1960 videlicet
898 1883 1005 1958 uti
1043 1908 1174 1957 nos
1224 1878 1808 1964 commonefacias
1835 1934 1859 1971 ‚
1888 1905 2098 1980 quam
2118 1876 2493 1955 .'conversa
2546 1898 2551 1903 ·

534 2007 617 2083 fit
672 2005 846 2105 resp.
908 2022 1071 2081 cum
1126 2005 1202 2078 in
1243 2031 1324 2078 ea
1381 1994 1621 2077 domo
1646 2003 1989 2099 habitares
2022 2056 2046 2093 ‚
2097 2002 2333 2075 homo
2370 2000 2491 2072 fla·

533 2127 910 2203 tiofiss‘ume
940 2179 967 2217 ,
1018 2151 1198 2225 quae
1244 2127 1322 2199 P.
1379 2123 1642 2214 Craffi,
1686 2124 1823 2198 viri
1871 2122 2307 2214 consulatis,
2338 2122 2487 2195 fuit.

531 2253 768 2352 Atque
814 2248 989 2323 haec
1042 2229 1204 2324 cuni
1252 2247 1350 2321 ita
1400 2245 1535 2320 fint
1552 2263 1854 2335 ;·tamen
1897 2247 2154 2321 Cicero
2206 2245 2278 2320 se
2323 2244 2490 2320 dicit

533 2375 609 2450 in
664 2371 972 2484 concilio
1040 2371 1337 2445 deorum
1396 2369 1904 2446 ‚immortalium
1976 2368 2178 2442 fuifl'e
2233 2396 2261 2458 3
2326 2367 2486 2441 inde

533 2489 826 2572 miffum'
858 2492 1025 2569 huic
1086 2490 1244 2566 urbi
1291 2491 1783 2591 {civibusque
1848 2490 2211 2567 custodem
2254 2523 2280 2585 ¹,
2332 2490 2485 2567 abs-

533 2643 676 2720 que
728 2615 1067 2693 carnificis
1126 2613 1414 2689 nomine
1450 2614 1691 2715 {qui
1725 2615 2035 2689 civitatis
2079 2616 2483 2690 incommo-

433 2747 436 2752 ’
535 2740 706 2814 dum
762 2738 1183 2838 ingloriam
1251 2735 1444 2811 suam
1521 2738 1750 2835 ponit.
1829 2737 2020 2837 quast
2084 2763 2272 2816 vero
2303 2761 2482 2811 -non

534 2860 722 2936 illius
769 2860 1273 2936 coniux-ationis
1318 2857 1531 2934 causav
1571 2857 1783 2934 fuerit
1833 2859 2233 2936 consulatus
2265 2879 2481 2945 tuus;

535 3003 611 3058 et
671 2980 935 3057 idcirco
1004 2979 1180 3078 resp.
1247 2980 1526 3056 disiecta
1590 3007 1683 3057 eo
1737 2999 2057 3079 tempore
2094 3036 2120 3073 ,
2197 3010 2350 3084 quo
2409 2999 2478 3054 te

535 3102 896 3179 custodem
940 3101 1260 3176 habebat.
1325 3102 1461 3176 Sed
1488 3156 1514 3193 ‚
1552 3121 1634 3177 ut
1678 3104 1937 3202 opinor
1966 3158 1993 3195 ,
2039 3104 2158 3178 illa
2211 3125 2286 3181 te
2334 3130 2478 3177 ma·

534 3229 636 3328 gis
681 3225 1044 3301 extollunt
1075 3279 1104 3317 ,
1170 3250 1351 3325 quae
1403 3222 1561 3323 post
1613 3223 2054 3314 consulatum
2105 3255 2275 3303 cum
2330 3229 2474 3301 Te·-

535 3352 759 3424 tentia
797 3372 1027 3440 ⁸tutore
1074 3350 1164 3422 de
1210 3373 1356 3446 rep.
1387 3346 1787 3423 consuluisti
1806 3404 1832 3441 ‚
1873 3376 2035 3425 cum
2065 3352 2236 3452 legis
2283 3353 2474 3426 Plau·-

425 3542 429 3546 ἢ
521 3474 672 3546 tiae
715 3471 988 3562 'iudicia
1045 3470 1242 3544 domi
1288 3460 1694 3548 faciebatis:
1738 3496 1826 3545 ex
1873 3474 2251 3570 coniuratis
2301 3474 2474 3546 alios

535 3610 764 3669 morte
803 3647 828 3684 ‚
886 3593 1063 3668 alios
1115 3595 1409 3690 pecunia
1479 3593 1989 3669 condemnabas
2046 3624 2066 3669 t
2125 3623 2286 3671 cum
2346 3592 2513 3669 tibi

536 3716 710 3791 alius
750 3713 1213 3789 Tusculanam
1229 3767 1253 3804 ,
1294 3715 1481 3789 alius‘
1498 3698 1989 3826 Pompeianam
2013 3717 2257 3792 villam
2286 3717 2471 3792 aedi·-

536 3836 787 3920 fica’bat
814 3889 841 3931 ,
889 3836 1063 3914 alius
1108 3837 1402 3913 domum
1453 3838 1728 3916 emebat
1781 3866 1801 3914 ε
1867 3840 1999 3940 qui
2060 3865 2240 3919 vero
2266 3901 2283 3928 ς
2302 3834 2479 3914 nihil
