2787 4602
813 292 1091 409 ΓΒΑ
1139 333 1208 409 G
1256 316 1562 411 ΜΕΝ
1608 332 1812 413 Tn:
2016 345 2019 349 ’
2171 343 2339 441 '235

478 498 565 572 -F,
594 495 807 571 muris
840 519 1045 569 canes
1074 492 1328 593 sportis
1363 497 1841 579 demittebant.
1884 503 2089 576 Idem.

410 674 419 683 ·
504 645 614 720 Ad
691 646 832 720 hoc
897 644 1296 722 rumoribus
1328 703 1353 739 ‚
1403 649 1696 725 advorsa
1742 653 1816 725 in
1870 654 2337 750 pravitatemg

405 766 701 844 secunda
751 768 822 840 in
861 767 1140 856 casum3
1183 768 1539 847 fortunam
1561 784 1572 799 ‘
1593 774 1666 846 in
1717 775 2181 851 temeritatem
2223 776 2336 852 de*-

402 892 732 976 clinando
762 943 786 982 ,
829 893 1416 991 corrumpebant:
1459 897 1662 969 Idem.

503 1069 598 1140 At
654 1066 980 1142 Metellus
1018 1067 1091 1141 in
1122 1067 1534 1143 ulteriorem
1583 1069 1980 1172 Hispaniam
2017 1047 2175 1176 post
2212 1050 2338 1153 anss

378 1216 574 1263 ·num
613 1191 996 1289 regress'u53
1048 1218 1294 1290 magna
1328 1208 1331 1211 ’
1342 1193 1567 1291 gloria
1610 1199 2175 1276 concurrentium
2216 1196 2339 1275 un-

403 1298 615 1411 dique
653 1311 857 1387 virile
906 1331 977 1386 et
1017 1296 1354 1388 muliebre
1415 1314 1606 1391 secus
1632 1370 1656 1408 ‚
1689 1344 1816 1416 per
1850 1320 1998 1395 vias
2027 1345 2108 1395 ac
2155 1300 2334 1397 tecla

402 1431 735 1538 omnium
768 1434 1136 1511 visebatur.
1181 1436 1340 1512 cum
1380 1438 1705 1539 quaestor
1742 1442 1825 1516 C.
1856 1441 2164 1517 Urbinus
2196 1434 2337 1518 alii·

398 1585 538 1659 ‚que
573 1612 597 1653 ‚
620 1563 920 1660 ‘cognita
957 1559 1389 1654 voluntate,
1439 1578 1602 1641 eum
1661 1564 1749 1639 ad
1795 1589 2088 1644 coenam
2142 1565 2333 1641 invi-

398 1698 718 1754 taverant
747 1708 771 1767 3
809 1681 992 1754 ultra
1034 1685 1520 1784 Romanorum
1537 1739 1561 1776 ‚
1594 1704 1665 1759 et
1694 1689 2094 1761 mortalium
2123 1662 2342 1767 etiam!

399 1825 673 1881 morem
728 1802 1116 1891 curabant:
1158 1805 1511 1895 exornatis
1573 1806 1884 1893 aedibus,
1908 1833 2034 1904 per
2091 1811 2331 1887 aulaea

396 1941 474 1996 'et
517 1921 798 2022 insignia
831 1978 856 2017 ,
915 1922 1269 2025 scenisque
1320 1929 1409 1999 ad
1472 1926 2008 2005 ostentationem
2048 1929 2331 2006 histrio·

399 2071 567 2119 num
604 2043 1024 2134 -fabrieatis;
1077 2045 1278 2127 fimul
1343 2072 1560 2124 croco
1624 2047 1846 2146 sparsa
1903 2049 2197 2143 humus,
2255 2070 2329 2125 et

397 2168 530 2242 alia
551 2223 574 2258 ,
644 2168 720 2240 in
773 2168 1065 2241 modum
1118 2170 1365 2267 templi
1427 2169 1903 2246 celeberrumi.
1965 2172 2327 2261 Praeterea

397 2316 558 2366 cum
612 2289 876 2384 sedenti
914 2288 1276 2364 transenna
1326 2290 1686 2364 demissum
1734 2291 2082 2365 Victoriae
2114 2285 2325 2396 simu„-

395 2413 658 2489 lacrum
700 2439 861 2500 cum
912 2411 1312 2485 machinato*
1349 2411 1634 2510 strepitu
1679 2414 2072 2486 tonitruum
2108 2422 2333 2520 'coro-

393 2564 557 2612 nam
638 2537 847 2635 capiti
892 2537 1334 2633 ‘imponebat
1395 2562 1415 2607 ε
1492 2555 1646 2609 tum
1724 2537 2037 2612 venienti
2114 2536 2324 2613 thure

248 2683 290 2752 .'
371 2661 583 2762 quafi
651 2662 819 2735 Deo
889 2649 1424 2765 supplicabatur.
1513 2661 1715 2759 Toga
1773 2660 1952 2759 pista
2008 2660 2322 2760 plerum-

392 2810 532 2883 que
585 2784 888 2859 amiculo
930 2802 1080 2867 erat
1128 2782 1192 2857 ei
1231 2783 1666 2857 accumbenti
1712 2809 1731 2854 ε
1796 2784 2042 2883 epulae
2104 2808 2322 2884 quae-

392 2886 753 2981 fitiffumae
810 2935 830 2981 t
917 2932 1148 3005 neque
1208 2901 1337 3004 per
1397 2919 1678 2980 omnem
1740 2909 1959 2982 modo
2026 2908 2322 3007 provin-
2417 2906 2422 2912 ’

394 3029 572 3106 ciam
604 3083 629 3119 ‚
680 3029 797 3102 sed
857 3048 1047 3103 trans
1104 3030 1317 3102 maria
1334 3083 1366 3122 ‚
1449 3053 1540 3102 ex
1613 3031 2028 3104 Mauritania
2097 3030 2317 3103 volu·
2369 3027 2374 3034 ’

390 3177 590 3226 crum
631 3169 702 3225 et
748 3151 1050 3240 ferarum
1112 3153 1469 3252 incognita
1509 3167 1719 3226 *antea
1771 3152 1970 3249 plura
2011 3176 2261 3251 genera
2289 3174 2317 3223 ε

391 3274 645 3375 quibus
698 3276 904 3349 rebus
960 3278 1382 3377 aliquantam
1440 3294 1707 3375 partem
1776 3273 2039 3376 gloriae
2094 3271 2319 3358 demi-2

389 3394 568 3479 serat
594 3450 619 3488 ,
667 3420 988 3472 maxume
1028 3399 1228 3496 apud
1281 3415 1557 3474 veteres
1611 3416 1689 3471 et
1743 3394 2028 3486 saucios
2065 3394 2259 3471 viros
2277 3425 2317 3488 ·,

388 3515 682 3617 superba
733 3517 853 3592 illa
891 3573 916 3611 ,
967 3521 1203 3618 gravia
1241 3574 1267 3611 ‚
1327 3520 1608 3618 indigna
1663 3519 1774 3591 R..
1809 3516 2106 3613 imperio
2161 3519 2312 3598 exi-z

387 3641 805 3732 stumantes..
849 3646 1142 3732 Macrob.
1184 3650 1406 3724 Satur.
1438 3643 1483 3728 l.
1528 3663 1644 3732 111.
1686 3667 1748 3717 c.
1788 3658 1967 3731 xm.
2022 3643 2313 3726 Nonius.

384 3767 733 3867 chsipacer.
773 3765 822 3845 l.
858 3790 914 3845 1.
