2787 4602
504 352 605 429 82
814 374 829 383 ··
1060 355 1916 428 SALLUSTII

491 519 822 614 sanguine
860 516 1225 617 coniuret-'ios
1280 519 1557 590 retinere.
1628 521 1785 587 Non
1845 520 2194 608 exercitus,
2247 538 2447 616 neque

507 643 789 733 thesauri
821 638 1147 738 praefidia
1200 641 1376 734 regni
1419 638 1588 730 ficret
1598 694 1625 727 ,
1697 667 1909 711 verum
1972 644 2166 711 amici
2195 697 2222 730 ‚
2283 664 2445 737 quos

504 758 704 857 neque
728 765 925 833 armis
965 770 1172 857 c'o'gere
1196 817 1223 850 ,
1254 788 1453 856 neque
1491 788 1650 832 auro
1671 790 1906 856 parare
1936 780 2131 857 queas
2164 789 2189 830 :
2207 770 2212 784 ¹
2232 768 2442 862 officio

503 910 567 956 et
572 888 710 978 fide
740 887 1114 978 pariuntur.
1169 887 1342 979 Quis
1395 906 1607 954 autem
1651 889 1959 977 amicior,
2004 915 2198 981 quam
2233 886 2447 976 frater

485 1007 739 1098 fiatri?
803 1031 922 1077 aut
958 1035 1148 1102 quem
1221 1011 1504 1080 alienum
1553 1010 1769 1100 fidum
1813 1013 2158 1099 invenies,
2192 1011 2272 1110 si
2307 1016 2440 1082 tuis

500 1133 694 1234 hostis
707 1130 919 1220 ficetis
942 1134 981 1201 ἓ
1021 1134 1345 1224 Equidem
1400 1158 1510 1227 ego
1566 1135 1747 1203 vobis
1794 1159 2052 1228 regnum
2110 1138 2294 1205 trado
2312 1137 2440 1227 fir-

498 1283 674 1326 mum
694 1308 719 1342 ,
731 1255 811 1354 si
834 1258 988 1325 boni
1022 1257 1195 1325 eritis
1212 1280 1244 1340 ;
1253 1253 1371 1353 fin
1406 1258 1606 1342 mali,
1640 1206 2041 1329 imbecillum.
2073 1260 2253 1327 Nam
2285 1286 2438 1328 con·
2521 1340 2526 1357 ι

493 1383 716 1451 cordia
741 1398 988 1473 parvae
1047 1405 1141 1449 res
1183 1380 1464 1471 crefiunt
1484 1433 1511 1466 ,
1557 1378 1875 1470 discordia
1912 1408 2260 1451 maxumae
2327 1384 2433 1450 di-

491 1505 824 1572 labuntur.
882 1504 1165 1570 Ceterum
1208 1524 1357 1569 ante
1395 1503 1511 1569 hos
1540 1488 1651 1588 te,
1686 1503 2001 1595 Iugurtha
2022 1554 2047 1589 ,
2082 1505 2195 1596 qui
2228 1527 2434 1574 aetate
2496 1551 2502 1557 -

498 1647 559 1693 et
564 1625 899 1716 sapientia
926 1625 1189 1715 priores
1209 1648 1339 1715 ,wne
1373 1625 1562 1691 aliter
1590 1625 1756 1714 quid
1790 1627 2080 1713 eveniat,
2099 1628 2432 1718 providere

491 1748 684 1816 decet.
729 1750 909 1815 Nam
969 1750 1042 1815 in
1082 1749 1260 1815 omni
1304 1747 1641 1841 certamine
1666 1800 1695 1834 ‚
1749 1749 1863 1840 qui
1913 1751 2275 1840 opulentior
2302 1751 2430 1851 est,

491 2015 615 2061 tur.
638 1996 772 2061 Vos
795 2015 1034 2079 autem,
1049 1992 1385 2062 Adherbal
1402 2015 1461 2061 et
1484 1990 1849 2082 Hiempsal,
1880 1995 2091 2077 colite,
2112 1993 2426 2083 obfirvate

503 2121 695 2185 talem
733 2119 900 2185 lzunc
934 2115 1185 2199 virum,
1232 2113 1585 2181 imitamini
1615 2112 1909 2193 virtutem
1960 2131 2020 2177 et
2086 2113 2425 2198 nitimini,

483 2252 564 2308 ne
592 2263 701 2331 ego
733 2239 1014 2307 meliores
1051 2236 1277 2303 liberos
1304 2227 1595 2330 fitmstffi
1612 2231 1872 2320 videar,
1902 2258 2097 2327 quam
2122 2227 2422 2330 genuzffe.

368 2504 449 2553 11
580 2476 691 2549 Ad
732 2500 811 2547 ea
827 2473 1209 2571 ‘Iugurtha‚'
1239 2470 1506 2543 tametsi
1556 2497 1790 2570 regem
1839 2460 1994 2545 fida
2043 2472 2420 2571 loquutum

476 2599 920 2697 intellegebat
944 2654 969 2688 ,
1025 2614 1096 2668 et
1138 2594 1280 2693 ipse
1319 2595 1528 2693 longe
1573 2598 1773 2669 aliter
1805 2598 2036 2668 animo
2070 2595 2417 2692 agitabat:

474 2737 708 2798 tamen
758 2746 889 2817 pro
958 2738 1275 2815 tempore
1333 2717 1628 2814 benigne
1690 2715 2068 2813 respondit.
2132 2714 2416 2811 Micipsa

472 2848 708 2943 paucis
737 2844 977 2917 diebus
1013 2844 1332 2914 moritur.
1364 2840 1735 2939 Postquam
1771 2838 1912 2929 illi,
1947 2862 2143 2908 more
2178 2835 2370 2931 regio
2389 2877 2414 2923 ·‚

471 2968 646 3041 iusta
696 2965 1057 3063 magnifice
1129 2963 1434 3034 fecerant
1470 3014 1493 3050 ‚
1534 2959 1753 3055 reguli
1785 2958 1858 3027 in
1902 2981 2119 3027 unum
2148 2981 2417 3030 conve-

473 3109 638 3161 nere
659 3145 682 3181 ,
710 3090 815 3160 uti
849 3089 1031 3159 inter
1074 3085 1140 3158 se
1177 3085 1260 3156 de
1304 3083 1561 3158 cunctis
1585 3071 1900 3178 'negotiis
1930 3077 2412 3182 disceptarent.

471 3189 607 3289 Sed
634 3208 1022 3308 Hiempsal,
1066 3210 1187 3306 qui
1208 3207 1554 3278 minumus
1575 3229 1660 3276 ex
1693 3203 1862 3291 illis,
1884 3213 2132 3276 natura
2164 3202 2367 3275 ferox
2386 3256 2412 3293 ,

393 3359 403 3370 ·
471 3341 681 3414 etiam
711 3319 912 3409 antea
948 3332 1456 3431 ignobilitatem
1485 3317 1851 3425 Iugurthae
1874 3325 1908 3424 [
1930 3327 2052 3425 qui
2092 3344 2409 3397 materno

467 3486 719 3558 genere
758 3461 980 3556 impar
1027 3454 1230 3552 erat]
1277 3451 1697 3549 despicien5‚
1737 3451 2020 3522 dextera
2049 3435 2409 3520 Adherba-

466 3584 607 3655 lem
651 3582 911 3654 adsedit
976 3608 993 3651 :
1023 3604 1109 3651 ne
1175 3576 1442 3651 medius
1499 3598 1586 3645 ex
1648 3561 1869 3646 tribus
1896 3625 1920 3663 ‚
1975 3570 2169 3669 quod
2221 3570 2405 3667 apud

454 3704 798 3779 Numidas
836 3702 1098 3775 honori
1125 3699 1435 3789 ducitur,
1466 3696 1793 3794 Iugurtha
1822 3694 2027 3768 foret.
2061 3691 2252 3764 Dein
2299 3709 2406 3761 ta-

459 3837 623 3910 men
644 3882 672 3922 ,
714 3825 821 3902 uti
845 3825 1054 3904 aetati
1081 3823 1495 3900 concederet
1521 3875 1549 3921 ‚
1575 3818 1896 3919 fatigatus
1934 3840 1977 3891 a
2003 3813 2250 3912 fian-e,
2276 3812 2398 3888 vi'x
