2787 4602
544 380 692 456 3¹4
984 354 2064 433 DECLAMATIO

536 539 888 613 auctum,
940 545 1154 621 quam
1199 535 1281 594 tu
1325 519 1759 607 vitaviris3
1789 516 1948 593 satis
1985 518 2189 592 dofle
2225 543 2308 595 ac
2348 534 2477 617 ped

540 645 675 718 rite
736 642 977 719 fecisti.
1045 646 1216 718 Non
1267 642 1456 716 enim
1500 667 1615 716 me
1668 639 1948 739 sperasti
1992 660 2308 719 mutuam
2355 640 2483 716 tibi

541 768 833 866 gratiam
870 765 1297 857 relaturum,
1335 783 1418 839 ut
1454 763 1744 839 viciffim
1781 782 1937 839 tuas
1965 766 2485 863 compellarem.

538 889 742 962 Unus
774 887 961 962 enim
993 885 1154 961 satis
1194 912 1269 961 es
1305 886 1636 961 materiae
1672 886 1978 962 habensz
2016 910 2247 984 neque
2276 884 2486 984 quid·-
2527 884 2530 893 '

544 1036 762 1113 quam
803 991 1076 1109 turpius
1121 1008 1221 1085 est
1270 1011 1469 1086 domi
1500 1027 1662 1085 tuae
1693 1063 1720 1102 ,
1758 1035 1968 1109 quam
2006 1028 2114 1084 tu.
2175 1006 2487 1083 Multum

539 1146 618 1207 te
661 1158 841 1209 vero
878 1131 1125 1230 opinio
1170 1130 1349 1206 fallit
1375 1184 1403 1223 ,
1430 1131 1556 1230 qui
1582 1130 1755 1206 mihi
1793 1130 2048 1230 putasti
2088 1155 2329 1230 parare
2374 1128 2490 1202 in·

549 1260 816 1335 vidiant
854 1283 943 1333 ex
981 1283 1134 1333 mea
1174 1282 1251 1333 re
1283 1256 1646 1333 familiari.
1686 1283 1866 1357 quae
1897 1257 2125 1332 multo
2153 1255 2324 1329 mihi
2351 1254 2487 1326 mi·-

545 1408 688 1461 nor
730 1380 830 1456 est
853 1436 879 1473 ‚
929 1406 1138 1481 quam
1203 1380 1463 1455 habere
1523 1380 1773 1479 dignus
1821 1377 1993 1453 sum.
2037 1370 2297 1477 'Atque
2343 1375 2485 1449 uti·-

548 1531 711 1581 nam
756 1530 843 1577 ne
900 1522 1093 1579 tanta
1146 1506 1434 1605 quidem
1495 1503 1663 1578 effet
1715 1521 1978 1604 quanta
2016 1499 2158 1588 est;
2211 1499 2317 1573 uti
2353 1524 2490 1597 po-
2637 1536 2642 1539 ν

545 1627 688 1705 tius
731 1625 937 1701 amici
994 1625 1133 1698 mei
1169 1625 1496 1699 viverent
1524 1678 1549 1714 ‚
1598 1649 1809 1723 quam
1876 1647 2010 1721 ego
2067 1620 2489 1697 testamentis

548 1771 803 1824 eorum
854 1746 1278 1844 locupletior
1304 1744 1545 1821 effem!
1578 1748 1731 1845 Ego
1773 1744 1984 1845 fugax
2013 1796 2037 1834 ,
2072 1742 2312 1843 Crispe
2340 1742 2489 1818 sal-

548 1868 762 1947 lusti?
810 1867 1061 1957 furori
1091 1867 1355 1944 tribuni
1376 1867 1473 1966 pl.
1501 1868 1657 1942 cefli
1677 1894 1704 1938 .·
1734 1868 1974 1943 utilius
2003 1867 2174 1940 duxi
2191 1921 2216 1957 ‚
2239 1890 2489 1965 quam·

548 1991 659 2065 vis
710 1988 1065 2065 fortunam
1129 2017 1307 2068 unus
1366 1992 1666 2089 experiri
1688 2045 1712 2082 ,
1751 2017 1963 2091 quam
1991 1987 2318 2065 universo
2354 2013 2492 2087 po-

517 2110 721 2210 ‹pulo
782 2112 870 2183 R.
947 2111 1174 2187 civilis
1239 2111 1449 2185 effem
1522 2112 1947 2189 distensionis
2003 2109 2264 2189 causa:
2309 2109 2433 2210 qui
2462 2162 2491 2200 ,

552 2228 1003 2332 posteaquam
1053 2218 1174 2308 ill&
1210 2231 1408 2306 suum
1467 2256 1727 2308 annum
1767 2233 1841 2314 in
1871 2257 2018 2332 rep.
2066 2231 2491 2331 perbaccha·
2615 2266 2619 2273 »

551 2371 666 2428 tus
725 2352 889 2445 est,
958 2355 1334 2460 omniaque
1396 2381 1575 2455 quae
1636 2370 2156 2444 commoverat,
2206 2379 2378 2452 pace
2417 2369 2493 2427 et

552 2478 710 2553 otio
764 2475 1206 2565 resederunt3
1272 2477 1413 2552 hoc
1478 2477 1727 2552 ordine
1787 2494 2215 2568 revocante,
2277 2492 2497 2575 atque

550 2603 696 2703 ipsa
761 2607 938 2702 Rep.
1004 2630 1216 2679 manu
1280 2607 1676 2681 retrahente
1743 2631 1897 2696 me,
1958 2606 2242 2681 reverti.
2340 2603 2502 2698 Qui

552 2726 726 2802 mihi
770 2727 954 2816 dies.9
1006 2726 1057 2798 fi
1098 2750 1261 2801 cum
1292 2728 1491 2801 omni
1540 2728 1808 2828 reliqua
1848 2729 1998 2804 vita
2050 2724 2499 2815 conferatur,

552 2850 790 2925 animo
845 2848 1128 2947 quidem
1174 2873 1338 2923 meo
1392 2847 1668 2947 superet
1688 2904 1712 2941 ,
1751 2874 1912 2924 cum
1963 2848 2266 2924 universi
2317 2872 2499 2939 vos,

552 2969 998 3071 populusque
1020 2971 1107 3045 R.
1128 2968 1453 3070 frequens
1471 2971 1776 3046 adventu
1796 2995 1958 3047 meo
1969 2971 2346 3074 gratulatus
2368 2969 2494 3045 est.

552 3094 766 3169 Tanti
824 3119 936 3168 me
1011 3092 1326 3192 fugacem
1344 3146 1369 3186 ,
1439 3093 1942 3172 mercenarium
1995 3111 2373 3196 patronum
2417 3092 2499 3168 hi

552 3214 1112 3308 aestimaverunt.
1479 3201 1486 3208 ’

651 3341 775 3412 IV.
831 3338 1081 3438 Neque
1118 3338 1403 3415 hercule
1457 3340 1711 3421 mirum
1754 3338 1853 3413 est
1876 3395 1901 3430 ‚
1956 3339 2006 3416 fi
2048 3364 2180 3438 ego
2222 3337 2494 3438 semper

546 3461 752 3539 iustas
829 3463 1148 3541 omnium
1209 3462 1543 3542 amicitias
1593 3460 1997 3538 existimavi.
2076 3465 2242 3536 Non
2304 3463 2491 3538 enim

547 3586 671 3666 uni
718 3586 1047 3684 privatim
1109 3589 1473 3668 ancillatus
1508 3585 1675 3660 'sum
1698 3642 1722 3679 ,
1768 3613 1996 3688 neque
2034 3613 2146 3661 me
2183 3587 2413 3668 addixi
2464 3613 2487 3661 ε

544 3706 663 3784 sed
687 3726 1027 3808 quantum
1072 3709 1369 3809 quisque
1419 3711 1592 3809 reip.
1634 3710 1892 3786 studuit
1919 3766 1944 3801 ‚
1997 3728 2284 3784 tantum*
2313 3709 2488 3784 mihi

539 3833 674 3908 fixit
728 3848 849 3916 aut
890 3831 1151 3914 amicus
1197 3852 1318 3908 aut
1353 3835 1693 3915 inimicus.
1759 3836 1912 3934 Ego
1947 3834 2121 3911 nihil
2150 3834 2306 3939 plus
2343 3856 2484 3907 vo-

508 4209 709 4326 ’Ἣ
