2787 4602
1960 162 1978 195 ἱ

586 374 741 471 qm
927 311 934 317 ’
1078 320 2159 446 ΒὲειΑΜΑτιο

585 537 704 610 ris.
735 531 1189 632 Posteaquam
1216 531 1587 604 immensae
1614 535 1813 630 gulae
1837 533 2360 629 impudiciffuni
2398 558 2530 608 cor·

587 636 784 754 poris
835 651 1154 755 quaestus
1188 652 1499 727 sufficere
1548 680 1695 727 non
1749 656 1990 751 potuit
2017 710 2042 745 ‚
2094 674 2168 729 et
2205 675 2394 730 aetas
2424 675 2529 732 tua
2654 660 2657 667 Α

582 779 725 853 iam
773 778 862 851 ad
910 802 991 849 ea
1032 776 1355 873 patienda
1385 833 1411 869 ‚
1451 802 1630 877 quae
1679 778 1881 850 alteri
1927 777 2166 852 facere
2204 777 2532 852 collibuis-

584 898 690 972 set
715 952 739 987 ‚
761 898 1207 984 exoleverat;
1240 899 1734 996 cupiditatibus
1758 899 2056 987 *infinitis
2098 899 2487 974 efferebaris
2508 951 2533 990 ,

584 1041 668 1093 ut
698 1075 723 1112 ,
767 1046 944 1119 quae
994 1019 1136 1117 ipse
1187 1000 1477 1117 corpori
1536 1038 1663 1093 tuo
1714 1022 1944 1119 turpia
1995 1048 2154 1095 non
2197 1022 2485 1095 duxifl'es
2506 1074 2530 1111 ,

581 1144 658 1217 in
698 1142 848 1218 aliis
894 1141 1322 1240 experireris
1384 1145 1488 1215 Ita
1541 1168 1686 1215 non
1731 1141 1830 1216 est
1883 1143 2093 1218 facile
2145 1161 2476 1242 exputare
2507 1196 2530 1233 ,

559 1246 660 1339 Ῥ.
727 1266 810 1340 C.
869 1283 1108 1338 utrum
1188 1264 1776 1372 inhonestioribus
1847 1268 2181 1365 corporis
2237 1248 2530 1364 partibus

582 1413 733 1461 rem
789 1387 1155 1487 quaefierit
1182 1440 1206 1475 ,
1253 1415 1343 1460 an
1402 1388 1723 1463 amiserit.
1781 1390 2125 1465 Domum
2182 1407 2528 1489 paternam

579 1510 761 1583 vivo
839 1519 1035 1606 patfe
1110 1509 1484 1605 turpiffime
1552 1513 1873 1584 venalem
1925 1514 2181 1586 habuit
2225 1568 2250 1604 ‚
2295 1504 2526 1586 vendi-

577 1630 707 1704 dit.
759 1635 847 1704 Et
891 1630 1009 1704 cui
1044 1629 1337 1703 dubium
1391 1631 1625 1730 potest
1674 1631 1807 1706 effe
1840 1686 1864 1723 ‚
1906 1635 2082 1733 quin
2125 1635 2322 1711 mori
2367 1633 2522 1706 co'e'-

577 1750 759 1863 gerit
804 1781 966 1828 eum
987 1809 1010 1846 ,
1043 1781 1190 1854 quo
1233 1756 1346 1830 hic
1399 1759 1716 1831 nondum
1767 1776 2057 1832 mortuo
2092 1784 2237 1856 pro
2282 1748 2523 1833 herede

577 1879 854 1978 gefferit
915 1880 1209 1953 omnia?
1268 1881 1518 1980 Neque
1577 1882 1795 1979 pudet
1841 1906 1882 1952 a
1928 1906 2041 1954 me
2104 1907 2280 1954 eum
2321 1903 2519 1979 quae-2

575 2032 731 2079 rere
759 2062 783 2097 ,
818 2009 974 2107 quis
1027 2010 1099 2081 in
1135 2011 1210 2081 P.
1259 2008 1472 2079 Craffi
1514 2009 1744 2089 *domo
1805 2008 2071 2081 habitet
2108 2035 2136 2095 3
2193 2002 2517 2102 cumipse

477 2154 482 2159 ¹
531 2127 997 2224 despondere
1039 2152 1223 2245 non3
1239 2147 1492 2226 queat,
1535 2129 1688 2226 quis
1729 2129 1801 2201 in
1836 2129 2039 2224 ipfius
2084 2130 2365 2203 habitet
2402 2152 2514 2225 pa-

573 2273 771 2329 terna
830 2258 1072 2332 domo.
1145 2259 1256 2346 At*
1298 2258 1580 2332 hercule
1631 2255 1649 2331 l
1707 2257 1930 2357 lapsus
1982 2262 2237 2336 aetatis
2288 2256 2515 2335 tiroci-

573 2379 748 2471 nio,
789 2379 1026 2477 postea
1072 2378 1211 2451 sese
1261 2381 1589 2455 correxit.
1646 2383 1813 2453 Non
1855 2382 1950 2453 ita
1992 2381 2091 2453 est
2127 2410 2147 2456 ε
2204 2383 2324 2456 sed
2360 2378 2511 2453 abiit
2599 2371 2606 2391 '

570 2503 647 2576 in
692 2500 1082 2576 sodalitium
1141 2502 1448 2601 sacrilegi
1509 2504 1859 2601 Nigidiani
1906 2531 1924 2577 ε
1980 2504 2085 2578 bis
2138 2503 2390 2578 iudicis
2430 2497 2507 2570 ad

569 2624 887 2706 subsellia
949 2627 1271 2700 attractus
1319 2680 1344 2716 ,
1411 2644 1717 2698 extrema
1792 2624 2078 2698 fortuna
2129 2626 2325 2701 stetit
2375 2651 2394 2695 ε
2445 2634 2508 2690 et

527 2827 530 2828 γ
567 2749 669 2821 ita
722 2748 1011 2822 disceffit
1035 2804 1057 2839 ‚
1099 2749 1202 2820 uti
1241 2749 1389 2820 non
1432 2748 1569 2821 hic*
1600 2747 1937 2820 innocens
1989 2748 2127 2822 effe
2164 2804 2189 2840 ,
2253 2746 2369 2820 sed
2404 2743 2503 2814 iu-

568 2874 756 2945 dices
806 2871 1131 2968 peieraffe
1166 2925 1190 2962 ‚
1247 2870 1817 2945 existimarentur.
1904 2872 2219 2946 Primum
2284 2861 2503 2943 hono·-

567 3017 719 3067 rem
761 2993 833 3064 in
880 2992 1240 3090 quaestura
1285 2995 1576 3091 adeptus
1599 3047 1623 3083 ,
1663 2979 1851 3066 hunc
1886 2992 2150 3076 'locum
2215 2982 2307 3067 et*
2331 2991 2504 3062 hune

567 3116 890 3188 ordinem
959 3113 1262 3212 despexit
1291 3115 1336 3188 ‘z
1400 3116 1599 3189 cuius
1674 3114 1901 3186 aditus
1960 3114 2085 3188 fibi
2154 3111 2499 3216 quoque,

567 3236 1023 3315 sordidiffimo
1083 3237 1351 3311 homini
1387 3290 1413 3329 ‚
1477 3234 1824 3334 patuffl’et.
1894 3237 2144 3335 Itaque
2174 3249 2180 3256 “
2206 3239 2497 3317 timenS,
2562 3275 2572 3290 ·

564 3389 657 3435 ne
713 3361 1021 3434 facinora
1076 3360 1222 3433 eius
1278 3360 1453 3432 clam
1518 3383 1655 3432 vos
1706 3355 1923 3432 effent
1963 3413 1988 3449 ,
2056 3385 2221 3432 cum
2273 3349 2491 3429 omni·-

443 3529 448 3544 ι
565 3486 695 3558 bus
743 3497 1039 3556 matrum
1107 3471 1524 3557 familiaruni
1590 3481 1760 3555 viris
1833 3482 2226 3579 opprobrio
2274 3475 2435 3551 effet
2460 3522 2489 3559 ‚

564 3607 907 3687 confeffus
938 3608 1076 3699 est,
1118 3609 1325 3682 vobis
1362 3605 1844 3697 audientibus,
1879 3604 2341 3687 adulterium3
2369 3617 2487 3667 ne·

493 3733 507 3761 ²
562 3760 702 3837 que
750 3731 1028 3805 erubuit
1074 3755 1200 3803 ora
1255 3728 1502 3803 vestra.

659 3858 782 3932 VI.
824 3852 1098 3930 Vixeris
1119 3905 1148 3945 ,
1198 3854 1301 3928 uti
1341 3853 1515 3928 libet
1554 3907 1580 3948 ,
1641 3849 1967 3940 Sallusti3
2012 3848 2243 3950 egeris
2254 3900 2282 3941 ,
2317 3856 2480 3943 quae
