2787 4602
515 317 644 433 μ’

611 518 840 590 Editio
885 523 1045 596 haee
1097 525 1309 599 nostra
1362 528 1613 600 nullam
1663 530 2067 620 superiorum
2111 537 2185 603 in
2214 538 2461 606 eunffls

489 609 810 701 sequitur
835 639 860 701 3
914 618 1025 687 sed
1108 622 1431 712 quidquid
1499 625 1656 693 boni
1731 624 1876 713 post
1948 631 2193 715 primos
2248 628 2458 696 edito-

399 749 407 757 ·
514 725 619 770 res
673 706 894 775 Aldus
922 758 942 790 ,
1018 708 1129 779 Fr.·
1206 713 1546 786 Asulanus
1573 766 1595 798 ,
1666 713 1908 787 Rivius
1935 767 1958 800 ‚
2041 716 2456 803 Glareanus,

514 792 773 879 Carrio,
836 794 1201 884 Gruterus,
1240 805 1558 892 Waffius,
1591 808 1865 885 Cottius
1906 810 2162 900 aliique·
2200 814 2267 879 in
2295 837 2456 885 auc-

513 903 728 957 torem
777 893 1115 979 contquliffe
1168 898 1604 983 videbantur,
1635 905 2054 990 recepimus3
2111 902 2238 970 alia
2286 927 2457 991 quae

508 981 892 1052 affluxerant
919 993 1131 1077 magis
1159 1038 1179 1070 ,
1213 1015 1414 1079 quam
1470 1018 1623 1063 vere
1680 996 2095 1067 coniecerant
2121 1043 2143 1076 ,
2201 994 2457 1064 refuta-

503 1071 728 1143 vimus
754 1123 777 1157 ,
834 1096 948 1146 aut
995 1077 1038 1144 fi
1117 1103 1454 1168 praeterea
1507 1086 1825 1159 minutius
1882 1085 2170 1173 quaefita
2218 1105 2399 1155 erant
2427 1134 2455 1166 ,

506 1165 875 1234 reiecimus.
929 1168 1052 1259 Ipfi
1108 1197 1269 1258 vero
1329 1178 1533 1256 etiam
1588 1179 1772 1267 plura
1801 1225 1823 1258 ‚
1878 1201 2045 1264 quae
2103 1179 2251 1246 aliis
2304 1175 2454 1246 des-

502 1275 731 1340 perata
788 1277 899 1327 aut
964 1262 1137 1332 male
1192 1265 1410 1336 sanata
1456 1273 1831 1340 invenimus
1859 1317 1880 1348 ‚
1943 1294 2115 1351 nova
2196 1272 2452 1337 ratione

504 1345 832 1419 edidimus
861 1400 883 1433 ,
941 1354 1178 1424 additis
1251 1362 1616 1433 rationibus
1683 1384 1699 1429 t
1762 1360 1941 1450 quod
2022 1365 2308 1433 maxime
2382 1364 2454 1438 in

501 1433 821 1528 Iugurtha
876 1446 965 1511 ita
1020 1446 1265 1516 fac'tum
1338 1449 1477 1532 est,
1526 1473 1604 1521 ut
1658 1452 1910 1520 nostrae
1978 1452 2161 1521 nulla
2231 1475 2453 1539 neque

491 1550 803 1600 veterum
845 1541 1074 1623 'neque
1118 1536 1560 1617 redentiorum
1616 1547 1687 1611 in
1720 1543 2024 1612 omnibus
2081 1547 2452 1613 conveniat.
2542 1590 2545 1597 ·

498 1613 577 1701 ἔτι
632 1646 768 1710 quo
825 1628 1108 1712 quidem
1148 1653 1280 1699 non
1351 1634 1541 1720 plura
1628 1635 1819 1704 nobis
1900 1634 2253 1715 videmur,
2337 1635 2451 1704 vel

496 1714 746 1783 maiora
803 1715 930 1784 aufi
986 1720 1163 1797 esse,
1219 1747 1416 1812 quam
1499 1751 1668 1817 quae
1735 1725 2029 1796 decebat.
2107 1727 2465 1813 Libertate

495 1805 676 1873 enim
735 1809 1126 1880 emendandi
1179 1839 1344 1887 ‘non
1406 1815 1498 1885 usi
1564 1818 1838 1901 sumuS,
1894 1818 2011 1886 nisi
2063 1818 2179 1888 ubi
2260 1818 2451 1886 locus

494 1917 721 1981 aperte
792 1900 1033 1971 mendo
1114 1904 1454 1985 laborabat
1484 1960 1505 1992 ,
1565 1932 1680 1984 aut
1740 1911 2091 1980 editorum
2179 1910 2449 1989 licentia

493 1994 861 2076 corruptior
919 1995 1224 2065 exstabat.
1280 1999 1467 2069 Tum
1547 2004 1616 2070 in
1674 2000 2084 2070 emendando
2159 2004 2448 2074 maxime

492 2077 773 2171 vestigia
830 2081 1062 2153 codd:
1118 2087 1570 2174 probatiorum
1618 2142 1639 2175 ,
1697 2112 1767 2160 et
1843 2091 1988 2160 edd.
2073 2112 2242 2178 quae
2311 2090 2449 2158 illis

482 2192 677 2255 ‚pares
754 2170 1074 2244 habentur
1101 2227 1124 2260 ‚
1209 2180 1568 2255 lefitionem
1644 2182 1985 2253 consulere
2081 2204 2445 2269 numquam

484 2262 930 2353 negleximus.
989 2267 1091 2338 Ita
1123 2319 1144 2350 ,
1230 2272 1560 2344 credimus
1592 2324 1613 2357 ,
1680 2275 1870 2346 nobis
1940 2277 2229 2363 contigit
2257 2325 2279 2356 ‚
2366 2291 2447 2344 ut

487 2375 746 2440 praeter
803 2358 970 2430 bene
1029 2362 1241 2442 multa
1305 2370 1580 2438 minoris
1636 2371 2014 2449 momenti,
2073 2369 2275 2436 etiam
2318 2365 2446 2433 ali-

482 2467 616 2533 qua
698 2456 1003 2541 graviora
1061 2453 1364 2525 adversus
1406 2457 1653 2530 ‚Cortii
1719 2481 1790 2530 et
1871 2459 2153 2531 aliorum
2229 2459 2447 2536 licen-7

489 2539 691 2620 tiam,
749 2544 930 2630 quod
1002 2570 1161 2632 pace
1220 2554 1516 2620 virorum
1589 2551 2096 2628 doetiffimorum
2149 2568 2220 2618 et
2285 2549 2446 2618 alias

487 2627 817 2704 bonorum
884 2638 1130 2707 dic‘tum
1187 2640 1262 2709 fit
1301 2689 1323 2723 ,
1399 2644 1933 2728 vindicaremu83
2010 2647 2079 2714 in
2155 2664 2443 2725 quorum

482 2737 836 2795 numerum
886 2729 1103 2799 forsan
1185 2733 1411 2802 referri
1485 2753 1847 2825 poterunt»,
1902 2755 2071 2819 quae
2149 2733 2217 2795 in
2295 2727 2441 2824 lug.

481 2838 552 2881 e.
612 2817 742 2906 38,
827 2843 889 2887 n.
945 2846 1038 2905 23
1088 2846 1142 2889 c.
1198 2847 1448 2910 41,n.
1530 2848 1623 2913 33
1677 2852 1731 2894 c.
1787 2848 1926 2915 47,
1986 2847 2047 2889 n.
2104 2846 2158 2887 1.
2245 2841 2301 2886 c.
2355 2839 2440 2912 57

478 2930 544 2991 p.
611 2930 730 2992 142
760 2957 781 2988 ‚
843 2934 903 2977 n.
968 2931 1023 2979 r.
1082 2919 1484 2984 correximus
1537 2936 1650 2985 aut
1706 2915 2122 2984 restituimus.
2199 2907 2440 2996 Spera-

478 3019 631 3063 mus
690 3018 911 3074 autem
962 2997 1168 3084 fore,
1221 3025 1298 3073 ut
1352 3031 1550 3095 quam
1627 3007 1965 3098 posuimus
2024 3000 2314 3092 opellam
2372 3020 2442 3071 et

482 3087 553 3152 in
628 3092 1025 3161 recensendo
1100 3116 1170 3165 et
1244 3100 1311 3165 in
1368 3102 1660 3167 ornatius
1743 3096 1998 3169 edendo
2099 3095 2359 3184 auetore
2414 3142 2440 3169 ‚

481 3176 905 3273 nostrumque
960 3188 1060 3253 uti
1089 3186 1170 3255 ab
1247 3194 1432 3257 omni
1472 3194 1798 3278 *partium
1884 3183 2097 3256 studio
2126 3225 2167 3268 ,·
2205 3188 2299 3254 ita
2355 3186 2439 3253 ab

477 3272 825 3344 inutilibus
881 3277 1229 3348 verborum
1257 3282 1645 3373 ambagibus
1701 3284 1991 3353 alienum
2019 3329 2042 3362 ‚
2075 3279 2156 3347 ad
2212 3277 2436 3346 brevi-

479 3379 691 3431 tatem
764 3374 829 3435 &
876 3372 1279 3458 aequitatem
1350 3374 1781 3465 compositum
1861 3394 2116 3441 morem
2197 3372 2438 3459 pariter

479 3459 675 3542 aequi
769 3458 1055 3551 bonique
1157 3463 1399 3535 faciant
1467 3467 1746 3536 lestores
1775 3516 1797 3549 ,
1854 3466 2093 3554 quibus
2172 3463 2383 3566 magis
2411 3506 2437 3541 ,

479 3569 680 3633 quam
736 3552 924 3620 nobis
982 3553 1219 3625 servire
1277 3558 1752 3633 contendimus.
1809 3552 2227 3644 Displicebat
2256 3569 2462 3621 enim·

477 3635 645 3704 inud
717 3640 955 3712 edendi
1036 3671 1250 3732 genus
1278 3699 1299 3731 ‚
1390 3654 1461 3717 in
1546 3674 1678 3738 quo
1763 3641 2235 3737 superstitiosa„
2284 3642 2438 3710 affe-

474 3729 721 3796 clarum
782 3739 976 3802 natio
1035 3736 1147 3805 fibi
1221 3740 1386 3828 sapit
1416 3791 1445 3830 ,ἱ
1495 3767 1628 3810 non
1686 3746 1903 3810 minus
1961 3758 2157 3826 atque
2217 3734 2437 3815 illud,

476 3822 656 3910 quod
717 3823 799 3892 ad
855 3826 1124 3898 editoris
1177 3836 1466 3905 rationes
1507 3836 1783 3907 ‘videtur
1834 3829 2077 3902 ‘delabi
2137 3850 2156 3896 :
2215 3850 2435 3916 neque
