2787 4602
783 410 1773 506 n1sToR1c‘us;

685 690 688 693 .
1270 612 1350 682 Μ

333 765 590 830 Mamilii
631 763 796 827 Trib.
839 765 929 829 Pl.
966 767 1221 851 quaestio
1259 765 1324 824 in
1370 742 1476 824 eos
1516 763 1617 851 qui
1655 759 1876 822 fueram
1923 782 1959 823 a
2000 746 2274 852 Iugurtha

465 851 724 930 corrupti
772 869 900 909 120.

328 931 409 992 C.
447 929 702 991 Manlius
746 930 1164 991 coniurationis
1200 928 1493 1010 particeps
1524 946 1623 997 27.

253 1027 278 1056 ⁸
332 1013 418 1075 A.
461 1011 671 1072 Manlii
711 1013 776 1071 in
826 1011 1009 1072 filium
1052 1010 1315 1071 severitas
1358 1016 1453 1085 58.

332 1093 413 1159 L.
461 1092 717 1156 Manlius
772 1093 905 1154 trib.
956 1091 1041 1175 pl.
1095 1094 1164 1153 de
1201 1095 1556 1175 imperatore
1599 1107 1803 1151 contra
1837 1087 2174 1174 Iugurtham
2205 1088 2278 1149 ad

458 1172 753 1257 populum
797 1174 965 1235 refert
1018 1183 1147 1236 160.
1576 1198 1581 1203 ·

334 1255 423 1318 Ἀ.
469 1255 723 1317 Manlius
769 1256 943 1317 Marii
980 1255 1205 1341 legatus
1254 1259 1385 1327 178.

331 1337 599 1418 mapalia
646 1337 1034 1399 Numidarum
1065 1335 1323 1398 aedificia
1352 1357 1454 1411 94.
1484 1341 1620 1398 128.
1946 1392 1949 1395 Α

342 1419 427 1497 Q.
464 1419 712 1482 Marcius
745 1423 892 1500 imp.
941 1420 1013 1479 ad
1044 1418 1245 1479 urbem
1270 1466 1286 1493 ‚
1331 1418 1691 1500 triumphum
1727 1435 1931 1498 petens
1975 1439 2004 1475 2
2013 1437 2074 1487 9.

340 1499 433 1564 M.
483 1499 771 1561 Aemilius
816 1502 1082 1560 omnium
1129 1498 1549 1583 flagitiosorum
1589 1501 1912 1581 postremus
1941 1521 2078 1576 223.

336 1581 559 1646 Marius
597 1581 828 1647 Metelli
858 1581 1082 1667 legatus
1141 1587 1270 1641 128.
1296 1582 1350 1641 ei
1389 1580 1669 1662 haruspex
1708 1578 1898 1641 felicia
1926 1578 2123 1639 omnia
2144 1595 2286 1655 pot-

459 1665 646 1724 tendit
687 1686 821 1738 249.
909 1663 1087 1738 atria.
1134 1683 1335 1724 natura
1359 1708 1377 1736 ,
1415 1668 1605 1733 mores
1661 1683 1792 1736 150.
1871 1661 2141 1722 Gaudam
2180 1656 2289 1717 acl-.-

459 1729 654 1804 v⁸ersus
686 1688 990 1804 Metellum
1015 1747 1273 1805 incendit
1313 1765 1448 1820 ³52·
1480 1767 1514 1805 a
1538 1743 1783 1803 Metello
1815 1744 2119 1803 dimittitur
2152 1759 2284 1812 159.

460 1825 571 1908 ipfi
620 1823 943 1886 consulatus
985 1827 1282 1887 mandatur
1307 1872 1325 1899 ,
1374 1835 1433 1887 δε
1474 1825 1757 1886 Numidia
1800 1833 1932 1883 160.
1988 1823 2286 1892 169.·eius

460 1908 536 1971 ad
570 1905 865 1988 populum
902 1909 1090 1968 oratio
1130 1930 1261 1978 171.
1287 1909 1410 1967 eius
1435 1909 1499 1967 in
1527 1905 1788 1968 Africam
1822 1906 2120 1985 expeditio
2153 1904 2284 1971 1795.

461 1986 691 2049 castella
738 1989 1045 2072 Iugurthae
1098 1990 1156 2048 vi
1193 1990 1583 2073 praemiisque
1630 2005 1809 2047 tentat
1857 1993 1986 2047 180.
2038 1980 2287 2065 Capsam
2406 2043 2413 2055 ,

462 2070 619 2151 capit
664 2075 794 2151 183.
839 2077 962 2138 eius
1008 2079 1065 2139 δε
1100 2071 1291 2133 Sullae
1337 2094 1421 2154 pu
1466 2093 1538 2131 na
1569 2091 1700 2131 cum
1731 2068 2005 2151 Iugurtha
2043 2076 2099 2126 &
2142 2066 2292 2125 Boc-

462 2152 574 2213 cho
621 2157 758 2223 19'22
808 2175 942 2233 193.
990 2162 1123 2225 196.
1168 2177 1299 2229 197.
1341 2093 2289 2238 deglugurthatriumphavitzm

336 2229 629 2298 Mafiniffa
669 2257 767 2308 77,-
818 2240 914 2301 86.
1524 2240 1529 2247 ’
1621 2239 1654 2271 ⁶

338 2313 579 2378 Maffiva
624 2335 755 2393 113.
1197 2332 1206 2341 ·
2079 2363 2084 2367 .

339 2393 697 2461 Mastanabal
738 2404 795 2456 &
833 2390 1078 2457 Gulussa
1122 2394 1357 2471 fratreS‚
1404 2398 1610 2464 morbo
1659 2391 1918 2461 absumti.
1947 2418 2046 2470 77.

337 2477 537 2543 Mauri
581 2477 722 2542 ‘dieti
765 2479 865 2562 qui
920 2489 1086 2538 antea
1133 2478 1338 2553 Medi,
1390 2481 1594 2542 eorum
1631 2484 1801 2577 origo
1835 2503 1934 2556 94.
1986 2489 2124 2551 167.
2157 2484 2294 2547 196.

313 2558 417 2620 'C.
461 2558 777 2621 Memmius
823 2560 992 2621 Trib.
1033 2558 1117 2642 pl.
1171 2581 1303 2637 103.
1350 2562 1474 2620 eius
1522 2561 1785 2626 facundia
1815 2572 1946 2628 106.
1990 2561 2180 2622 oratio
2222 2559 2294 2628 ad

366 2714 369 2717 ἢ
465 2640 760 2722 populum
826 2664 958 2717 107.
984 2642 1233 2725 ‘rogatio
1297 2662 1428 2703 112.
2020 2693 2025 2696 .
2114 2677 2135 2686 κ·

343 2720 427 2805 Q.
469 2723 743 2784 Metellus
799 2721 1004 2784 consul
1048 2727 1112 2783 in
1166 2723 1510 2783 Numidiam
1550 2718 1830 2806 ingressus
1869 2729 2179 2803 exercitum
2204 2725 2295 2786 ‘R-

466 2802 707 2865 licentia
773 2824 1112 2886 corruptum
1164 2806 1235 2866 ad
1267 2804 1600 2864 ‘militarem
1661 2802 2022 2899 disciplinam
2065 2824 2295 2872 revocat

472 2896 606 2947 126.
651 2886 878 2971 legatos
925 2885 1230 2971 Iugurthae
1262 2886 1622 2965 corrumpit,
1644 2886 1768 2944 eius
1797 2897 2132 2948 innocentia
2162 2908 2292 2958 127.

462 2990 666 3056 pugna
705 2991 835 3030 cum
881 2967 1158 3052 Iugurtha
1194 2990 1321 3046 132.
1365 2989 1498 3046 133.
1537 2966 1853 3060 Numidiae
1880 2971 2101 3070 oppida
2139 2968 2295 3051 capit

461 3057 608 3125 3138.
627 3051 870 3112 Zamam
886 3069 1191 3134 oppugnat
1209 3060 1297 3123 ‚&
1315 3048 1593 3133 relinquit
1621 3057 1751 3124 146.
1779 3069 1908 3123 147.
1935 3072 2053 3109 eius
2087 3049 2292 3130 super-

467 3129 567 3192 bia
596 3153 726 3208 151.
761 3132 1003 3194 Gaudae
1023 3134 1217 3215 regios
1242 3132 1512 3207 „honores
1531 3149 1700 3229 negat
1726 3152 1852 3207 152.
1877 3133 1996 3191 eius
2018 3134 2293 3213 stratage-

469 3230 656 3284 mata,
695 3213 945 3274 Thalam
987 3217 1140 3297 capit
1191 3224 1348 3275 161.
1401 3213 1688 3274 Mollities
1739 3214 1920 3273 animi
1970 3218 2102 3272 168.
2143 3229 2291 3271 con-

468 3292 752 3391 spefstum„
774 3294 949 3362 Marii
980 3296 1128 3380 fugit
1158 3275 1307 3369 ⁶179.
1334 3294 2146 3381 Romaeilaetiffimisanimis
2186 3311 2290 3374 ex.-

469 3396 523 3440 ct
573 3396 714 3443 itur..
741 3398 870 3446 179.

345 3457 505 3521 Mete
557 3479 623 3519 us
671 3456 882 3530 Celer,
925 3478 1159 3552 praetor
1211 3480 1352 3538 30..
1428 3483 1432 3490 ·
1624 3535 1629 3538 Α

343 3539 621 3616 Metellus
642 3536 905 3599 Creticus
920 3561 1238 3620 imperator
1253 3540 1324 3618 ad
1342 3541 1944 3622 urbemsstriumphum
1968 3559 2171 3621 petens
2191 3562 2221 3598 2
2230 3560 2291 3610 9.

346 3619 601 3702 Micipsa
623 3668 641 3696 ‚
665 3614 984 3681 Masinissae
1011 3621 1160 3682 filius
1187 3669 1204 3697 ,
1237 3624 1362 3682 eius
1396 3645 1578 3706 genus
1607 3670 1627 3699 ,
1655 3623 1798 3697 filii,
1828 3645 2040 3694 mors7
2053 3645 2107 3693 7.
2154 3627 2249 3700 83.

415 3702 780 3764 Mithridates
818 3723 954 3775 217.
990 3713 1126 3773 267.
1156 3726 1295 3776 270.
1746 3746 1766 3754 -

275 3810 282 3816 ·
345 3785 886 3926 Mulucgiagugneu
930 3784 1170 3844 Mauros
1204 3808 1237 3845 a
1261 3786 1540 3848 Numidis
1576 3787 1785 3851 dividit
1836 3790 1967 3863 184.
2016 3782 2293 3847 Mulucha

477 3889 543 3928 ur
585 3888 608 3926 s
647 3887 667 3924 1
710 3889 728 3925 1
774 3912 787 3926 .

347 3949 597 4015 Murena
623 3948 879 4012 citeriori
903 3947 1135 4014 Galliae
1161 3949 1488 4036 praefectus
1523 3974 1622 4030 40.
