2787 4602
477 362 621 439 292
835 345 1015 420 AD
1108 347 1191 418 c.
1280 343 2075 420 CAESAREM

471 506 748 579 dinibus
793 508 1049 582 tradita
1093 505 1248 579 sunt
1277 534 1302 593 3
1353 525 1587 580 tamen
1624 509 1834 581 iidem
1876 509 1980 582 illi
2018 507 2276 582 faffiofi
2309 522 2429 609 red

474 646 647 725 gunt
670 682 694 719 ‚
748 630 914 701 dant
952 684 978 719 ‚
1036 630 1353 702 adimunt
1388 683 1413 720 ‚
1467 655 1645 728 quae
1711 632 1904 705 lubet
1936 659 1958 703 ε
2009 632 2427 706 innocentes

469 752 1074 838 circumveniunt3
1125 750 1287 824 suos
1317 751 1407 823 ad
1447 751 1794 826 honorem
1830 754 2205 827 extollunt.
2253 755 2425 828 Non

473 870 797 964 facinus,
859 897 1005 947 non
1058 875 1399 972 probrum
1445 929 1473 967 ‚
1544 895 1666 948 aut
1731 877 2069 974 flagitium
2135 874 2364 949 obstat
2392 928 2423 965 ‚

474 1020 623 1095 quo
665 997 891 1069 minus
942 995 1373 1095 magistratus
1434 999 1710 1096 capiant
1769 1026 1787 1071 ε
1847 998 2047 1096 quod
2096 991 2427 1069 commo-³·

480 1112 650 1193 dum
711 1119 809 1193 est
845 1174 872 1211 ‚
926 1121 1215 1193 trahunt
1244 1175 1269 1210 ,
1316 1121 1595 1219 rapiunt
1643 1149 1663 1193 ς
1700 1119 2053 1218 postremo
2094 1135 2429 1217 tanquam

472 1242 647 1335 urbe
703 1261 905 1339 capta
934 1296 962 1332 ,
993 1243 1301 1315 lubidine
1354 1268 1435 1315 ac
1479 1241 1758 1316 licentia
1806 1240 1924 1315 sua
1981 1265 2112 1337 pro
2155 1239 2428 1339 legibus

471 1381 792 1437 utuntur.
831 1365 934 1437 Ac
967 1389 1079 1436 me
1120 1348 1414 1462 quidem⁴
1443 1365 1814 1439 mediocris
1848 1364 2058 1437 dolor
2098 1383 2430 1473 angeret,

480 1485 530 1581 fi
572 1487 838 1560 virtute
879 1505 1149 1583 partam
1190 1488 1554 1561 vistoriam
1580 1541 1603 1577 ‚
1654 1512 1852 1561 more
1899 1487 2025 1559 suo
2057 1540 2080 1578 ‚
2124 1510 2250 1583 per
2287 1482 2431 1557 ser-

476 1611 732 1685 vitium
794 1628 1225 1683 exercerent.
1329 1609 1463 1682 Sed
1543 1610 1862 1682 homines
1937 1608 2347 1690 inertiffumi
2404 1660 2434 1700 ,

477 1758 788 1833 quorum
848 1709 1079 1807 omni&
1129 1733 1237 1807 vis
1292 1733 1658 1830 virtusque
1704 1734 1776 1806 in
1832 1732 2067 1831 lingua
2108 1731 2232 1804 fita
2281 1728 2379 1803 est
2405 1781 2433 1822 ,

470 1848 709 1948 forte,
743 1875 954 1956 atque
988 1856 1270 1930 alterius
1299 1855 1626 1930 socordia
1655 1855 2213 1933 dominationem
2239 1851 2433 1926 obla·

480 1996 625 2061 tam
690 1978 1068 2051 insolentes
1123 1980 1409 2077 agitant.
1492 1983 1673 2053 Nam
1713 2033 1737 2070 ‚
1797 2005 1976 2078 quae
2038 1977 2286 2050 seditio
2343 2001 2438 2051 ac

463 2093 796 2174 ‘diffenfio
852 2101 1074 2174 civilis
1115 2118 1229 2174 tot
1283 2125 1615 2197 umquam
1669 2099 1962 2173 illustres
1995 2099 2286 2173 familias
2338 2099 2430 2171 ab

478 2220 689 2318 stirpe
717 2223 972 2314 evertit
1011 2223 1039 2295 ἓ
1075 2239 1198 2295 aut
1233 2247 1539 2322 quorum
1579 2248 1914 2323 umquam
1943 2222 2239 2298 vicloria
2280 2221 2435 2294 ani-

483 2370 640 2424 mus
688 2363 834 2418 tam
890 2370 1220 2444 praeceps
1267 2363 1552 2444 tamque
1601 2347 2098 2419 immoderatus
2146 2344 2337 2418 fuit?

1369 2469 1402 2538 1
1469 2471 1561 2540 V.

582 2591 664 2666 L.
715 2589 903 2666 Sulla
930 2643 953 2683 ,
1002 2589 1115 2664 cui
1167 2593 1405 2665 omnia
1458 2593 1533 2664 in
1577 2591 1871 2664 victoria
1918 2590 2070 2690 lege
2121 2591 2287 2665 belli
2323 2592 2443 2665 ‘li-

478 2732 785 2796 cuerunt
822 2768 848 2804 ‚
918 2713 1185 2786 tametfi
1237 2712 1578 2811 supplicio
1642 2712 1947 2786 hostium
2003 2732 2234 2810 partes
2284 2713 2442 2789 suas

484 2836 745 2909 muniri
810 2834 1240 2932 intelligebat
1280 2861 1300 2908 ε
1349 2853 1583 2907 tamen
1615 2889 1643 2926 ‚
1709 2836 1946 2933 paucis
2016 2835 2390 2910 interfeffis
2411 2890 2444 2927 ‚

476 2979 777 3048 2ceteros‘
819 2959 1168 3033 beneficio
1204 3014 1229 3052 ‚
1280 2986 1492 3060 quam
1543 2977 1740 3033 metu
1769 3013 1794 3052 ‚
1836 2961 2135 3033 retinere
2170 2961 2441 3037 maluit.

472 3087 588 3157 -At
638 3083 919 3157 hercule
972 3109 1159 3158 nunc
1213 3110 1373 3157 cum
1424 3086 1704 3157 Catone
1729 3136 1753 3172 ‚
1785 3085 1863 3156 L.
1895 3082 2237 3157 *Domitio
2267 3136 2293 3173 ‚
2335 3107 2440 3155 ce-

489 3195 796 3308 terisque
867 3208 1178 3281 eiusdem
1230 3207 1597 3299 faffionie,
1663 3205 2116 3307 quadraginta
2162 3204 2441 3279 senato·

493 3357 603 3405 res
631 3387 654 3422 ‚
700 3331 906 3404 multi
935 3350 1290 3429 praeterea
1339 3355 1501 3403 cum
1545 3329 1660 3427 spe
1695 3331 1883 3404 bona
1920 3329 2443 3422 adolescentes,

493 3454 692 3527 sicuti
719 3453 980 3528 hostiae
1005 3509 1027 3545 ‚
1049 3455 1324 3527 mactati
1361 3451 1518 3525 sunt
1554 3479 1570 3524 :
1606 3479 1765 3526 cum
1802 3456 2067 3527 interea
2099 3453 2442 3551 importn-

496 3577 787 3650 niss'u'ma
826 3575 1077 3675 genera
1130 3578 1499 3650 hominum
1550 3594 1663 3650 tot
1700 3576 2111 3650 miserorum
2176 3557 2442 3650 civium

476 3700 824 3799 ‚sanguine
859 3698 1085 3773 satiari
1118 3702 1548 3800 nequivere:
1602 3727 1748 3773 non
1792 3701 1949 3773 orbi
1996 3699 2240 3791 liberi,
2292 3726 2447 3774 non
2555 3789 2560 3792 Ἴ

474 3841 824 3920 ,parentes
857 3823 1090 3898 exacta
1120 3840 1382 3923 aetate,
1425 3849 1572 3932 non
1613 3826 1908 3923 gemitus
1937 3825 2255 3899 virorum
2282 3882 2310 3915 ‚
2332 3825 2450 3902 lu-
