2787 4602
777 321 1631 439 tuGURTHm
2137 375 2280 460 ιη

336 531 563 631 iungit
615 525 1030 604 Nabdalsam
1064 580 1088 616 ‚
1145 525 1507 598 hominem
1567 513 1879 595 nobilem
1917 571 1943 612 ‚
2013 521 2284 621 magnis

340 655 632 751 opibus,
669 668 689 699 ¹
717 671 958 722 carum
1007 664 1513 744 acceptumque
1572 643 2025 741 popularibus
2084 644 2218 716 suis
2255 669 2281 715 ε

341 777 466 875 qui
517 776 928 872 plerumque
979 763 1286 842 seorsum
1319 767 1407 839 ab
1455 792 1615 864 rege
1667 766 2052 839 exercitum
2109 766 2283 836 duc-

341 919 492 973 tare
518 951 544 987 ,
601 913 675 969 et
728 913 978 967 omnes
1062 916 1171 964 res
1222 889 1505 988 exsequi
1551 887 1793 962 solitus
1850 907 2043 979 erat,
2102 913 2286 987 quae

339 1020 716 1119 Iugurthae
766 1015 939 1089 feffo
966 1069 989 1114 ,
1041 1032 1161 1088 aut
1205 1013 1584 1112 maioribus
1636 1010 1951 1085 adstri&o
2004 1010 2288 1108 supera-

348 1161 597 1218 verant
638 1167 660 1212 :
723 1165 813 1213 ex
874 1163 1020 1239 quo
1076 1137 1178 1210 illi
1257 1136 1483 1235 gloria
1561 1133 1869 1235 opesque
1934 1133 2291 1211 inventae.

348 1271 567 1366 Igitur
610 1262 970 1363 utriusque
1042 1261 1333 1335 consilio
1393 1259 1540 1350 dies
1600 1258 1853 1334 insidiis
1904 1257 2225 1333 statuitur
2264 1286 2289 1334 ε
2410 1301 2417 1308 -

351 1397 584 1465 cetera
603 1439 628 1481 ,
668 1388 776 1461 uti
827 1391 942 1459 ress
975 1383 1329 1483 posceret,
1386 1409 1476 1457 ex
1513 1400 1831 1480 tempore
1878 1383 2105 1482 parari
2136 1382 2292 1481 pla·

351 1513 520 1588 cuit.
601 1507 942 1585 Nabdalsa
997 1510 1085 1583 ad
1141 1507 1526 1581 exercitum
1604 1506 1953 1603 profeEtus
1981 1561 2008 1599 ,
2073 1531 2289 1605 quem

351 1636 536 1736 inter
607 1635 898 1707 hiberna
960 1615 1450 1707 Romanorum
1516 1629 1729 1703 iuffus
1788 1629 2084 1705 habebat
2106 1675 2133 1722 ‚
2198 1656 2295 1705 ne

354 1783 520 1855 ager
542 1810 567 1848 ‚
607 1756 844 1828 inultis
878 1753 1229 1843 hostibus,
1264 1753 1684 1827 vastaretur.
1751 1755 1815 1825 Is
1858 1753 2227 1854 postquam
2262 1807 2292 1847 ,

356 1877 827 1977 magnitudine
868 1875 1193 1948 facinoris
1241 1872 1632 1978 perculsus,
1689 1875 1777 1947 ad
1823 1893 2097 1973 tempus
2144 1901 2298 1952 non.

356 2003 553 2077 venit
580 2055 606 2092 ,
645 1998 1006 2099 metusque
1031 2024 1180 2073 rem
1219 1997 1642 2095 impediebat
1651 2024 1675 2084 ;
1716 1997 2060 2072 Bomilcar
2095 1998 2298 2074 simul

233 2191 236 2192 γ
356 2123 648 2222 cupidus
686 2125 965 2221 incepta
1015 2121 1333 2219 patrandi
1352 2176 1380 2214 A,
1417 2138 1488 2195 et
1515 2123 1771 2196 timore
1810 2119 1980 2197 socii
2017 2125 2299 2214 anxiuS‚

277 2334 288 2341 κ
357 2271 447 2319 ne
472 2301 495 2338 ‚
540 2246 788 2321 omiffo
826 2264 1095 2331 .vetere
1155 2244 1447 2321 consilio
1478 2300 1504 2342 ,
1550 2271 1825 2322 novum
1889 2264 2301 2347 quaereret,

360 2369 622 2443 litteras
677 2369 765 2443 ad
825 2394 987 2442 eum
1034 2393 1159 2466 per
1199 2369 1523 2443 homines
1571 2367 1794 2443 fidelis
1835 2370 2087 2460 mittit,
2114 2371 2302 2443 mol-

361 2492 585 2563 litiem
618 2489 1141 2590 secordiamque
1188 2492 1329 2566 viri
1375 2489 1693 2565 accusare
1714 2542 1741 2582 ,
1802 2490 2031 2564 testari
2090 2493 2303 2581 deoS,

361 2639 490 2711 per
527 2637 707 2713 quos
764 2612 1155 2703 iuraviffet3
1212 2613 1519 2712 praemia
1575 2613 1845 2685 Metelli
1897 2613 1971 2685 in
2038 2611 2302 2710 pestem
2392 2704 2397 2709 N

363 2760 453 2807 ne
513 2752 962 2809 converteret
994 2762 1017 2822 ;
1066 2735 1439 2833 Iugurthae
1479 2735 1768 2808 exitium
1807 2730 2030 2833 adeffe
2048 2789 2072 2827 ,
2109 2752 2305 2808 cete-

212 2896 218 2903 ’
364 2883 523 2932 rum
583 2857 791 2935 suane
815 2912 840 2951 ,
892 2884 982 2931 an
1027 2858 1292 2931 virtute
1327 2857 1598 2930 Metelli
1630 2859 1885 2955 periret
1904 2913 1928 2950 ,
1968 2859 2039 2931 id
2081 2860 2307 2934 modo

365 2982 610 3078 agitari
649 3007 666 3052 ε
695 2982 991 3080 proinde
1021 2998 1377 3078 reputaret
1418 3006 1579 3054 cum
1622 2983 1855 3055 animo
1889 2981 2016 3075 suo
2037 3038 2061 3074 ‚
2085 3008 2306 3081 rprae-

368 3108 509 3178 mia
532 3159 555 3195 ‚
610 3132 699 3178 an
756 3105 1138 3179 cruciatum
1185 3103 1444 3178 mallet.
1477 3104 1611 3176 Sed
1660 3129 1821 3176 cum
1852 3105 1982 3177 hae
2034 3105 2303 3181 litterae
2330 3107 2434 3188 71'

371 3227 675 3319 adlatae,
716 3226 901 3299 forte
944 3228 1283 3302 Nabdalsa
1298 3284 1325 3318 ,
1377 3227 1688 3300 exercito
1722 3248 2024 3323 corpore
2058 3225 2307 3318 fefl‘us,
2414 3210 2421 3215 ¹

310 3412 313 3415 ,
371 3350 447 3424 in
504 3352 682 3424 lenito
771 3349 1186 3449 quiescebat.
1281 3348 1407 3421 ubi
1443 3403 1468 3440 ,
1528 3350 1822 3447 cognitis
1905 3338 2310 3423 Bomilcaris

373 3476 606 3551 verbis
637 3530 661 3567 ,
728 3476 957 3573 primo
1010 3503 1176 3549 cura
1205 3530 1228 3566 ‚
1286 3474 1575 3562 deinde,
1643 3474 1752 3545 uti
1816 3496 2098 3571 aegrum
2153 3474 2307 3547 ani-

374 3625 568 3674 mum
619 3598 797 3674 solet
826 3652 852 3691 ,
895 3597 1180 3674 somnus
1223 3599 1431 3696 cepit.
1472 3601 1640 3671 Erat
1702 3596 1769 3670 ei
1806 3597 2107 3672 Numida
2149 3600 2310 3696 qui-
2417 3637 2422 3642 ·

469 3853 500 3904 ι
545 3834 646 3897 Al.
681 3839 885 3921 magnis
900 3838 1084 3925 opibus
1104 3818 1301 3899 clarum
1313 3881 1337 3925 2
1359 3859 1474 3898 acc.
