2787 4602
692 310 1747 439 =Furomfflrm
2096 338 2232 426 ης

281 484 567 589 {ncepta
634 484 805 563 vmea
863 487 1279 587 -postrernus
1370 488 1736 563 servorum
1809 486 2186 563 Archelaus
2218 545 2246 583 ,

278 614 596 687 exercitu
677 612 966 710 prodito
1009 665 1033 702 ‚
1125 611 1495 709 impedivit
1558 636 1578 685 t
1650 613 1893 712 illique
1943 668 1967 705 ‚
2064 640 2292 715 quos.

271 730 555 833 ignavia
604 756 725 835 aut
790 758 1004 832 prava
1052 734 1447 826 calliditasq
1490 737 1597 823 uti
1664 734 1835 811 meis
1863 738 2243 814 laboribus

279 854 422 930 tuti
474 858 693 931 effent
715 911 740 948 ‚
785 859 989 930 armis
1041 856 1369 931 abstinuit
1403 913 1427 949 ‚
1461 856 1940 933 acerbissumas
1980 885 2244 958 poenas

271 980 567 1057 solvunt
618 1007 637 1055 ε
698 966 1134 1055 Ptolemaeus
1194 982 1427 1079 pretio
1464 981 1728 1080 [dies]
1772 983 2035 1056 bellum
2084 1009 2245 1080 pro·

274 1106 502 1179 lntans
542 1103 984 1194 ;*Cretenses
1047 1105 1434 1202 impugnati
1486 1102 1697 1177 semel
1760 1104 1899 1176 iam
1932 1158 1955 1195 ‚
2015 1130 2245 1202 neque

280 1214 496 1300 finem
550 1281 574 1320 ‚
648 1227 769 1303 nisi
839 1227 1115 1301 excidio
1167 1281 1191 1317 ,
1272 1226 1604 1299 habituri.
1688 1226 2030 1324 Equidem
2083 1251 2246 1298 cum

277 1351 452 1423 mihi
536 1350 632 1423 ob
700 1344 1033 1446 ipsorum
1087 1350 1369 1422 interna
1456 1349 1639 1420 mala
1715 1349 1924 1421 dilata
1992 1348 2251 1446 praelia

277 1474 491 1571 magis
533 1515 585 1565 ,·
630 1490 838 1571 quam
901 1498 1148 1579 pacem
1224 1474 1454 1545 datam
1532 1472 2060 1570 intelligerem3
2119 1471 2248 1543 ab·

275 1613 538 1668 nuente
609 1593 910 1693 Tigrane
934 1598 977 1686 ³,
1055 1594 1178 1693 qui
1239 1620 1393 1668 mea
1461 1595 1636 1667 dicia
1707 1592 1861 1667 sero
1928 1595 2183 1690 probat
2220 1646 2248 1683 ‚

277 1737 351 1790 te
401 1720 685 1790 re‘mot‘o
721 1718 1054 1814 procul,
1110 1719 1440 1790 omnibus
1493 1718 1642 1789 aliis
1694 1717 2019 1790 obnoxiis
2046 1771 2071 1806 ‚
2100 1712 2248 1787 rurss

278 1826 391 1913 sus
480 1856 723 1921 tamen·
782 1840 1052 1912 bellum
1128 1839 1281 1935 cepi
1344 1867 1363 1909 ε
1434 1840 1888 1937 Marcumque
1957 1839 2248 1911 Cottam

282 1962 691 2035 Romanum
744 1964 995 2036 ducem
1053 1963 1240 2060 apud
1299 1960 1751 2033 Chalcedona
1804 1979 1988 2032 terra
2026 1960 2176 2032 fudi
2224 1982 2246 2032 t

274 2085 452 2158 mari
518 2084 708 2159 exsui
769 2086 969 2159 classe
1025 2086 1539 2183 pulcherruma.
1630 2083 1839 2181 Apud
1903 2084 2248 2181 Cyzicum
2349 2068 2352 2071 ’
2407 2156 2419 2172 ,

276 2228 533 2305 magno
581 2233 745 2279 cum
777 2209 1088 2281 exercitu
1136 2209 1208 2281 in
1251 2207 1524 2279 obfidio
1576 2206 1889 2289 ,moranti
1934 2204 2247 2278 frumen-
2317 2250 2320 2253 -
2371 2244 2377 2250 -
2423 2252 2428 2257 -

275 2344 432 2411 tum
463 2328 728 2418 defuit,
771 2330 971 2402 nullo
1020 2330 1283 2401 circum
1329 2332 1685 2403 adnitente
1721 2357 1738 2401 ε
1779 2329 1977 2402 fimul
2016 2331 2247 2402 hiems

222 2505 229 2532 .
274 2449 450 2523 mari
520 2452 961 2547 prohibebat.
1030 2453 1132 2522 Ita
1173 2504 1197 2540 ,
1264 2450 1403 2521 fine
1468 2451 1545 2524 vi
1611 2449 1912 2522 hostium
1974 2435 2246 2549 regredi

277 2572 556 2646 coaetus
605 2573 679 2644 in
719 2574 1022 2671 patrium
1083 2597 1375 2670 regnum
1413 2627 1437 2664 ‚
1479 2571 1846 2670 naufragiis
1889 2574 2076 2669 apud
2113 2575 2242 2646 Pa-

273 2693 460 2767 rium
489 2749 513 2785 ‚
589 2714 659 2768 et
732 2697 1138 2769 Heracleam
1180 2751 1207 2786 ‚
1286 2671 1586 2769 militum
1651 2713 1987 2792 optumos
2073 2721 2236 2767 cum

276 2814 589 2891 clastibus
619 2818 827 2892 amifi.
860 2817 1222 2891 ‘Restituto
1256 2816 1506 2889 deinde
1539 2817 1722 2914 apud
1761 2817 2014 2890 Cabira
2055 2843 2248 2889 exer*

280 2942 425 3013 citu
466 2997 489 3032 ,
556 2946 635 3029 ὃς
686 2943 896 3019 variis
957 2943 1139 3015 inter
1196 2967 1308 3014 me
1364 2961 1575 3041 atque
1628 2940 1997 3014 Lucullum
2039 2967 2241 3040 prae-

279 3061 389 3135 liis
426 3118 450 3156 ‚
526 3049 766 3164 inopia
822 3057 1059 3152 rursus'
1137 3066 1379 3146 ambos
1439 3065 1720 3139 inceffit.
1797 3064 1905 3138 Illi
1966 3063 2243 3142 suberat

281 3209 576 3284 regnum
641 3187 1116 3263 Ariobarzanis
1190 3189 1381 3263 bello
1440 3190 1770 3263 intactum
1809 3216 1826 3258 ε
1860 3211 1993 3284 ego
2033 3185 2241 3264 vastis

281 3310 546 3383 circum
602 3309 927 3384 omnibus
978 3312 1151 3386 locis
1196 3366 1221 3403 ‚
1284 3314 1359 3384 in
1423 3311 1820 3384 Armeniam
1872 3308 2168 3382 concessi
2214 3336 2237 3381 ·.·

281 3429 635 3531 secutique
682 3432 987 3509 Romani
1046 3460 1193 3507 non
1264 3459 1375 3507 me
1413 3487 1436 3524 ‚
1516 3432 1635 3506 sed
1698 3425 1972 3504 morem
2031 3429 2234 3512 suum

285 3554 523 3634 omnia
575 3580 785 3653 regna
854 3553 1307 3632 subvertundi
1350 3610 1374 3646 ,
1436 3555 1601 3653 quia
1653 3553 2170 3627 multitudinem
2205 3609 2262 3648 ,-

282 3678 448 3750 artis
521 3676 695 3753 locis
749 3733 773 3770 ,
841 3702 1071 3776 pugna
1139 3678 1564 3777 prohibuere
1599 3731 1623 3768 ,
1694 3677 2235 3773 imprudentiam

288 3798 605 3902 Tigranis
662 3826 798 3900 pro
872 3801 1167 3880 vifiloria
1237 3801 1613 3908 ostentanti
1661 3803 1900 3910 „Nune
1973 3800 2237 3910 qua-eso
