2787 4602
884 368 1762 460 'eATtLINm
2245 398 2342 479 31·

393 567 651 647 parvos
704 538 1005 629 liberos3
1060 542 1404 643 rogitare,
1432 544 1671 617 omnia
1694 567 1994 641 pavere3
2027 538 2347 642 superbia

390 683 604 765 atque
642 663 901 742 deliciis
932 660 1194 737 omiffis
1218 718 1241 753 ,
1282 662 1408 737 fibi
1435 665 1837 766 patriaeque
1866 664 2197 738 diffidere.
2248 667 2348 738 At

394 786 733 860 Catilinae
778 785 1076 859 crudelis
1132 784 1402 859 animus
1460 787 1701 859 eadem
1755 786 1873 862 illa
1915 786 2252 861 movebat
2315 811 2338 858 ε

393 908 663 981 tametfi
738 906 1065 1006 praesidia
1116 907 1580 1005 parabantur3
1625 926 1697 982 et
1754 905 1895 1009 ipse
1936 906 2090 1007 lege
2144 908 2349 981 Plau-

306 1042 319 1055 ·
395 1029 539 1103 tia
558 1029 1020 1126 interrogatus
1066 1044 1216 1101 erat
1240 1026 1329 1100 ab
1379 1028 1456 1101 L.
1481 1027 1749 1102 Paullo,
1777 1026 2134 1103 Postremo
2161 1004 2348 1104 diffi-
2405 1112 2406 1115 Ἴ

394 1151 708 1241 mulandi
741 1148 1013 1245 cauffa,
1050 1169 1261 1253 atque
1308 1149 1415 1224 sui
1447 1150 1926 1250 expurgandi,
1956 1150 2209 1225 ficuti
2190 1174 2342 1227 zur·-

399 1274 520 1369 gio
561 1270 893 1345 laceffitus
942 1271 1128 1346 foret
1149 1308 1183 1363 ,-
1222 1272 1311 1346 in
1350 1275 1679 1346 Senatum
1720 1274 1943 1351 venit
2018 1271 2207 1347 Tum
2244 1271 2352 1345 M.

404 1391 680 1466 Tullius
714 1390 1017 1485 Consul,
1050 1393 1192 1467 five
1232 1393 1688 1491 praesentiam
1727 1397 1877 1470 eius
1901 1394 2152 1466 timens
2172 1447 2196 1484 ‚
2229 1389 2352 1465 seu
2476 1455 2482 1459 .

408 1514 516 1588 ira
545 1534 942 1590 commotus
970 1516 1367 1590 orationem
1404 1516 1649 1591 habuit
1677 1516 2100 1593 luculentam
2139 1534 2355 1614 atque

404 1637 648 1710 utilem
692 1638 1111 1734 reipublicae
1149 1661 1168 1708 ε
1207 1664 1420 1738 quam
1463 1630 1718 1737 postea‘
1741 1639 2064 1738 scriptam
2106 1637 2352 1711 edidit.

407 1760 541 1832 Sed
573 1813 595 1849 ,
626 1757 747 1832 ubi
777 1761 894 1837 ille
926 1758 1188 1833 adsedit
1209 1814 1234 1851 ,
1264 1761 1566 1833 Catilina
1584 1815 1609 1852 ,
1640 1780 1720 1834 ut
1750 1780 1897 1834 erat
1943 1777 2219 1858 paratus
2263 1756 2354 1830 ad

406 1878 880 1952 dissimulanda
907 1868 1144 1952 omnia
1160 1934 1186 1974 ,
1214 1879 1502 1964 demisso
1551 1882 1760 1957 voltu
1783 1935 1808 1973 ,
1832 1906 2017 1957 voce
2060 1880 2353 1979 suppliei

408 1998 799 2098 postulare,
822 2002 1051 2073 Patres
1093 2002 1453 2098 Constripti
1485 2032 1565 2075 ne
1584 2006 1749 2100 quid
1773 2008 1849 2076 de
1867 2005 1945 2100 fi
1985 2028 2201 2076 temere
2219 2031 2352 2075 cro-

410 2128 688 2195 derent:
721 2151 796 2197 ea
818 2123 1101 2215 familia
1128 2151 1383 2216 ortum,
1438 2130 1537 2198 ita
1586 2130 1669 2198 ab
1703 2129 2127 2210 adolelbentia
2145 2131 2352 2200 vitam

411 2243 791 2351 instituisti,
847 2270 920 2318 ut
955 2252 1188 2321 omnia
1229 2251 1456 2320 bona
1430 2276 1502 2321 m
1522 2248 1645 2344 spe
1695 2251 2116 2324 habentem
2149 2251 2355 2355 aestu-

413 2367 661 2440 mareni
675 2424 702 2459 ‚
723 2369 860 2468 sthi
868 2375 1148 2465 patricio
1177 2375 1467 2463 homini,
1507 2378 1691 2445 cuius
1711 2377 1904 2469 ipsius
1927 2431 1953 2466 ‚
1992 2399 2183 2471 atque
2209 2403 2362 2447 ma-

415 2493 621 2561 iorum
648 2494 937 2583 plurima
976 2496 1276 2584 beneficia
1315 2499 1386 2564 in
1415 2499 1661 2588 plebem
1698 2499 2071 2568 Romanam
2116 2493 2307 2595 efflat
2322 2548 2352 2584 ,

403 2615 662 2707 perdita
702 2613 1057 2708 Republica
1097 2639 1260 2708 opus
1297 2612 1457 2713 ff,
1502 2642 1698 2709 quum
1739 2644 1877 2687 eam
1918 2617 2203 2709 firvaraet
2244 2617 2352 2687 Μ.

414 2736 677 2807 Tullius
712 2737 1077 2831 inquilinus
1123 2738 1287 2807 civis
1315 2738 1494 2807 urbis
1521 2739 1790 2810 Romae.
1828 2736 1938 2809 Ad
1975 2734 2115 2809 hoc
2147 2733 2354 2808 male-

412 2855 593 2928 dicta
619 2855 752 2929 alia
805 2881 1023 2955 quum
1065 2857 1389 2945 adderet;
1437 2856 1835 2956 obstrepere
1873 2880 2157 2948 omnes,
2198 2852 2353 2929 hos-

416 2995 561 3050 tem
581 2996 787 3078 atque
807 2978 1218 3077 parricidam
1232 3003 1517 3055 vocare.
1551 2978 1738 3083 Tum
1759 2979 1875 3054 ille
1892 2977 2304 3090 furibundus
2325 3030 2355 3068 ,

421 3102 726 3196 quoniam
764 3104 1018 3197 quidem
1068 3106 1580 3193 circumventus,
1610 3102 1903 3202 inquit,
1946 3106 2030 3174 ab
2069 3104 2354 3176 inimicis

409 3248 711 3317 praeceps
757 3248 959 3318 agor,
1013 3213 1379 3296 incendium
1443 3251 1651 3297 meum
1696 3230 1890 3297 ruina
1950 3227 2353 3328 restinguam.

414 3338 613 3416 Dein
638 3339 706 3413 se
730 3366 815 3414 ex
848 3343 1036 3417 curia
1057 3345 1346 3419 domum
1364 3346 1737 3470 proripuit.
1773 3346 1870 3420 ibi
1888 3348 2106 3418 muita
2121 3344 2357 3417 secum
2384 3384 2450 3455 3
2434 3341 2498 3436 2*

418 3462 567 3564 ipse
599 3464 937 3559 volvem,
980 3468 1181 3569 quod.
1213 3467 1443 3568 neque
1485 3468 1761 3542 infidiae
1785 3466 2076 3543 Consuli
2115 3491 2361 3565 proce·-

512 3680 539 3724 1
588 3656 741 3743 Qua
782 3657 1174 3729 tenebantur,
1228 3663 1338 3741 qui
1433 3677 1554 3745 per
1577 3657 1813 3730 infidias
1837 3664 2009 3730 alteri
2029 3664 2156 3730 vim
2195 3665 2353 3733 inme

423 3765 757 3831 universam
778 3784 966 3850 remp.
996 3762 1331 3846 oppugnas-
1417 3768 1652 3835 lerant

423 3871 599 3952 sent,
628 3872 695 3936 δι
723 3870 945 3955 quivel
956 3884 1206 3962 aperte,
1227 3870 1329 3933 vel
1427 3877 1436 3884 ‘

1935 4009 2010 4078 fi„
