2787 4602
822 356 1697 468 {uenarum
2131 404 2269 490 ιφ

316 556 530 631 deret
570 581 590 613 ¹
625 555 838 647 civi's,
863 554 1078 627 hostis
1099 555 1292 627 iuxta
1320 571 1630 626 metuere
1659 579 1676 623 :
1705 548 2269 649 circumspectare

318 680 625 769 omniaf,¹
653 681 732 750 &
772 677 969 750 omni
1039 674 1328 771 strepitu
1383 672 1751 770 pavescere
1801 698 1820 742 τ
1866 674 2006 746 alio
2055 692 2270 772 atque

315 798 461 871 alio
496 798 662 871 Ioco
687 851 713 886 ,
758 791 958 892 saep‘e
1017 813 1264 868 contra
1307 797 1518 868 decus
1563 797 1832 892 regium
1895 796 2107 868 noctu
2152 820 2265 866 re-

314 918 671 1019 quiescere
726 945 746 990 t
822 917 1173 991 interdum
1225 916 1475 994 somno
1555 920 1820 992 excitus
1861 974 1885 1010 ,
1974 920 2267 1017 arreptis

319 1045 529 1116 armis
588 1042 970 1115 tumultum
1032 1040 1281 1114 facere.
1382 1041 1481 1112 ita
1560 1038 1933 1129 formidine
1971 1096 1993 1133 ,
2077 1042 2267 1141 quafi

317 1166 711 1256 vecordia,-
747 1162 1110 1263 exagitari.
1145 1162 1362 1261 Igitur
1413 1162 1738 1236 Metellus
1759 1217 1785 1253 ,
1822 1164 1943 1235 ubi
1967 1164 2061 1237 ‘de
2106 1163 2264 1238 casu
2293 1163 2396 1247 73?

317 1287 725 1361 Bomilcaris
764 1304 836 1358 et
881 1286 1140 1358 indicio
1184 1283 1529 1382 pate-facto
1595 1310 1685 1357 ex
1733 1285 2036 1383 perfugis
2076 1310 2267 1383 -cog-

322 1410 531 1485 novit
557 1463 580 1499 ‚
622 1406 852 1481 rursus
882 1462 905 1499 ,
969 1427 1324 1505 tamquam
1393 1408 1484 1480 ad
1543 1408 1892 1506 integrum
1955 1407 2268 1496 bellum,

320 1533 565 1606 cuncta
604 1549 802 1629 parat
844 1529 1275 1629 festinatque.
1315 1528 1613 1601 Marium
1644 1582 1670 1619 ,
1715 1528 2115 1627 fatigantem
2178 1530 2273 1603 de

319 1652 756 1750 profeEtione
777 1710 804 1744 ,
852 1652 1052 1731 fimul
1106 1655 1185 1724 &
1217 1654 1519 1727 invitum
1545 1707 1573 1742 ‚
1610 1671 1680 1725 et
1724 1650 2066 1725 offensum
2101 1651 2275 1741 fibi,

331 1800 580 1872 parum
619 1775 953 1868 idoneum
992 1788 1180 1843 ratus
1199 1825 1222 1859 ‚
1272 1772 1563 1844 domum
1613 1773 1923 1847 dimittit.
1976 1776 2065 1843 Et
2118 1775 2275 1844 Ro·-

335 1920 489 1968 mae
522 1895 798 1993 plebes,
850 1893 1096 1965 litteris
1112 1946 1139 2010 .’
1191 1917 1368 1990 quae
1422 1893 1509 1965 de
1550 1890 1844 1963 Metello
1900 1917 1981 1965 ac
2046 1892 2280 1964 Mario

328 2015 562 2089 miffae
613 2032 807 2089 erant
825 2064 849 2106 ‚
912 2012 1206 2111 cognitis
1224 2069 1253 2103 ‚
1310 2014 1584 2088 volenti
1628 2013 1863 2086 animo
1912 2013 1997 2086 de
2031 2014 2278 2087 ambo-

324 2136 454 2210 bus
518 2154 946 2234 acceperant.
1013 2134 1425 2231 Imperatori
1467 2134 1839 2225 nobilitas,
1866 2161 2044 2235 quae
2072 2156 2279 2210 antea
2367 2178 2372 2181 -

322 2262 603 2350 decori,
649 2259 980 2335 invidiae
1036 2256 1254 2330 effe·
1299 2274 1371 2329 at
1433 2256 1535 2330 illi
1582 2258 1782 2331 alteri
1831 2259 2100 2357 generis
2139 2260 2277 2332 hu-

332 2383 586 2455 militas
644 2381 960 2484 favorem
1036 2379 1414 2452 addiderat.
1476 2398 1786 2452 ceterum
1835 2384 1909 2455 in
1969 2400 2277 2480 utroque
2387 2407 2394 2424 ³

324 2503 549 2600 magis
603 2500 821 2576 studia
858 2502 1195 2598 partium,
1243 2526 1454 2598 quam
1503 2501 1691 2572 bona
1711 2554 1734 2590 ‚
1774 2521 1893 2573 aut
1930 2502 2106 2574 mala
2153 2501 2275 2574 sua

324 2625 708 2699 moderata.
753 2626 1110 2697 Praeterea
1159 2622 1457 2696 seditiofi
1508 2621 1934 2720 magistratus
1977 2624 2273 2720 volgum

326 2747 675 2845 exagitare
697 2802 720 2840 ,
761 2747 1124 2819 Metellum
1171 2744 1497 2817 omnibus
1545 2743 2002 2817 concionibus
2032 2744 2273 2839 capitis

325 2867 658 2941 arceffere
688 2921 712 2959 ‚
778 2867 982 2938 Marii
1045 2866 1383 2939 virtutem
1461 2866 1534 2936 in
1600 2866 1818 2939 maius
1894 2867 2270 2939 celebrare.

329 2987 659 3086 Denique
708 2988 943 3085 plebes
1005 2987 1096 3061 fic
1154 2987 1476 3078 accensa,
1516 2988 1622 3061 uti
1679 2987 1969 3086 opifices
2039 2987 2271 3087 agres-

329 3111 570 3211 tesque
626 3137 912 3201 omnes,
981 3136 1288 3210 quorum
1328 3135 1436 3184 res
1489 3108 1793 3210 fidesque
1837 3112 1911 3184 in
1954 3112 2271 3185 manibus

326 3233 491 3307 fitae
524 3249 754 3322 erant,
780 3233 1028 3306 reliffis
1046 3233 1379 3330 operibus
1401 3232 1924 3332 frequentarent
1943 3235 2272 3324 Marium,

318 3374 407 3430 :et
444 3353 563 3428 sua
601 3353 969 3427 neceffaria
1025 3354 1180 3452 post
1251 3356 1435 3429 illius
1499 3356 1850 3428 honorem
1910 3356 2268 3430 ducerent.

330 3480 483 3591 Ita.
525 3473 835 3573 perculsa
891 3476 1254 3551 nobilitate
1278 3530 1301 3566 ‚
1331 3475 1488 3574 post
1536 3479 1786 3550 multas
1837 3475 2272 3573 tempestates

335 3619 536 3672 novo
579 3595 849 3678 homini
907 3597 1307 3672 consulatus
1356 3599 1743 3671 mandatur.
1781 3617 1850 3671 et
1885 3597 2122 3696 postea
2147 3626 2273 3696 po-

335 3719 541 3818 pulus
579 3743 620 3791 a
651 3716 970 3791 Tribuno
1002 3717 1224 3815 plebis
1257 3719 1548 3796 Manilio
1586 3722 1913 3798 Mancino
1955 3741 2271 3823 rogatus,

416 3900 461 3952 1>
522 3877 702 3966 Vulg.
724 3882 875 3944 cives
895 3882 1162 3964 hostesque.
