2787 4602
843 310 1660 394 CATILIN'At·
2136 306 2242 410 4ιῖ

307 473 711 557 dicebantur
745 499 765 546 ε
812 470 1117 582 Statilius
1138 494 1208 550 et
1238 474 1572 550 Gabinius
1624 476 1729 550 uti
1766 466 1949 551 ‘cum
1995 488 2243 574 magna·

311 626 519 683 manu
568 600 939 674 duodecim
987 600 1184 672 firnul
1214 617 1614 695 opportuna
1680 600 1836 673 loca
1891 601 2079 674 urbis
2129 600 2241 672 in-·‘

312 723 682 802 tenderent
704 777 727 812 ‚
750 748 894 820 quo
920 724 1229 796 tumultu
1264 722 1536 795 facilior
1590 721 1814 805 aditus
1845 722 1932 797 ad
1966 720 2244 797 Consu-'⁴

315 841 451 916 lem
485 898 508 933 ,
554 863 821 918 ceteros
845 899 867 935 ,
904 846 1153 944 quibus
1187 844 1460 918 insidiae
1506 846 1957 941 parabantur,
1987 844 2182 928 fieret
2226 872 2246 924 z

318 967 668 1064 Cethegus
708 967 1064 1039 Ciceronis
1096 968 1367 1040 ianuam
1409 968 1752 1041 obsideret
1774 1022 1797 1057 ‚
1830 978 1988 1040 eum
2018 969 2094 1043 vi
2125 968 2251 1048 ad-

318 1088 724 1188 grederetur
753 1143 776 1179 ‚
821 1087 991 1161 alius
1048 1107 1281 1162 autem
1337 1089 1592 1178 aliurn3
1637 1088 1753 1163 sed
1796 1089 1920 1162 filii
1963 1089 2252 1173 familia-

323 1194 483 1282 rum
505 1264 527 1299 ‚
555 1234 857 1307 quorum
884 1235 970 1281 ex
990 1210 1349 1284 nobilitate
1378 1237 1698 1285 maxuma
1729 1236 1915 1309 pam,
1937 1224 2254 1309 parentes

325 1330 838 1418 interficerent3
883 1331 1081 1406 simul
1104 1386 1128 1422 ‚
1184 1334 1390 1406 caede
1456 1352 1526 1407 et
1570 1336 1893 1417 incendio
1934 1333 2256 1432 perculsis

328 1454 650 1529 omnibus
672 1508 696 1547 ,
763 1455 851 1528 ad
908 1455 1276 1528 Catilinam
1349 1473 1811 1552 erumperent.
1860 1459 2047 1531 Inter
2087 1457 2273 1530 haec

329 1596 567 1684 parata
608 1595 817 1677 atque
846 1576 1124 1663 decreta
1151 1580 1504 1684 Cethegus
1537 1576 1806 1679 semper
1844 1578 2263 1680 querebatur

331 1701 419 1782 de
452 1703 726 1801 ignavia
765 1699 1115 1799 sociorum
1153 1729 1169 1774 ε
1202 1702 1364 1778 illos
1390 1703 1773 1784 dubitando
1817 1719 1887 1782 et
1921 1704 2065 1784 dies
2097 1725 2269 1798 pro«
2290 1736 2317 1749 ν

223 1926 226 1931 Ι
333 1825 618 1908 latando
643 1846 920 1928 magnas
935 1823 1499 1925 opportunitates
1533 1847 1977 1919 corrumpere
2002 1847 2027 1908 ·,
2050 1805 2271 1910 fasto,

337 1970 486 2018 non
526 1942 848 2026 consulto
869 1996 894 2034 ,
943 1944 1016 2016 in
1055 1943 1176 2016 tali
1217 1943 1536 2041 periculo
1590 1967 1771 2043 opus
1809 1943 1942 2031 effe
1975 1942 2281 2051 :sequ-eq

337 2065 394 2146 fi
428 2067 629 2163 pauci
675 2066 1084 2139 adiuvarent
1112 2121 1136 2158 ‚
1183 2067 1666 2166 languentibus
1706 2068 1853 2141 aliis
1872 2122 1894 2157 ‚
1938 2068 2276 2165 impetum

338 2190 416 2273 in
472 2189 729 2270 curiam
753 2188 1112 2265 saetarum.
1184 2193 1450 2272 Natura
1489 2187 1744 2280 ferox,⁸
1795 2182 2211 2277 vehemens,
2255 2203 2277 2243 ¹

345 2338 557 2395 manu
587 2330 952 2409 promptus
971 2365 995 2402 ‚
1040 2339 1444 2391 maxumum
1494 2315 1762 2388 bonum
1814 2314 1886 2386 in
1931 2315 2283 2390 celer-itate

344 2435 658 2531 putabat.
713 2435 847 2507 Sed
894 2437 1310 2533 Allobroges
1356 2463 1444 2510 ex
1483 2447 1857 2534 praecepto
1924 2438 2283 2512 Ciceronis
2278 2465 2409 2544 44

348 2581 479 2655 per
507 2555 935 2630 Gabinium
962 2573 1234 2629 ceteros
1294 2560 1770 2644 conveniunt3
1810 2559 1900 2631 ab
1942 2558 2277 2656 Lentulo
2261 2614 2289 2651 2

355 2680 731 2777 Cethego,
774 2680 1097 2771 Statilio,
1155 2681 1325 2754 item
1403 2679 1628 2753 Caflio
1674 2678 2024 2778 postulant
2074 2681 2291 2754 iusiu-

353 2805 693 2894 randum,
726 2805 922 2904 quod
959 2804 1306 2902 signatum
1321 2803 1407 2875 ad
1434 2791 1605 2876 civis
1644 2793 2052 2918 perferant.
2026 2805 2293 2879 alites·

357 2927 558 3002 haud
578 2927 775 3001 facile
802 2951 925 3010 eos
968 2928 1056 3000 ad
1090 2921 1361 3000 tantum
1392 2927 1750 3022 negotium
1785 2913 2046 3025 impelli
2077 2927 2293 3025 poffe.

359 3052 598 3130 Ceteri
640 3051 812 3125 nihil
858 3045 1272 3147 suspicantes
1327 3049 1562 3121 dant:
1625 3048 1880 3122 Caflius
1949 3049 2161 3124 semet
2205 3078 2295 3126 eo

364 3173 567 3248 brevi
613 3191 988 3246 venturum
1016 3172 1429 3269 pollicetur,
1459 3198 1537 3245 ae
1558 3174 1798 3287 paullo
1829 3192 1989 3246 ante
2032 3175 2299 3272 legatos

287 3352 305 3366 f
365 3319 457 3369 ex
507 3275 677 3368 urbe
725 3283 1202 3392 proficiscitur.
1260 3282 1592 3370 Lentulus
1642 3321 1802 3371 curn
1839 3299 1944 3371 his
1971 3298 2059 3378 T.
2115 3298 2304 3370 Vol-

367 3419 670 3517 turcium
715 3421 1082 3526 quemdam
1109 3416 1640 3493 Crotoniensem
1673 3421 1928 3508 mittit3
1964 3420 2067 3492 uti
2100 3420 2301 3493 Allo-

370 3543 625 3654 >roges
671 3544 901 3649 prius,
949 3566 1155 3651 quam
1217 3513 1508 3626 domum
1536 3561 1944 3650 pergerent,
1970 3570 2127 3627 cum
2166 3544 2303 3628 Ca-

465 3784 496 3838 1
536 3762 732 3858 vulg:
762 3786 831 3828 m.
862 3782 1134 3848 promptus
1175 3771 1283 3829 erait
1315 3785 1333 3821 :-
1375 3784 1606 3832 maxum-
