2787 4602
487 371 730 463 ¹ffl*
998 318 1879 442 -sALLUsTtt

484 553 527 603 a
566 529 781 604 Bestia
801 583 823 620 ,
872 528 1134 602 Albino
1153 582 1176 619 ‚
1227 478 1660 628 Metelloque
1720 484 2054 625 imperata
2093 525 2262 601 navi
2313 520 2426 601 fe:

444 713 446 716 ,
481 670 742 726 cerant.
793 653 1032 748 Itaque
1091 649 1178 722 ab
1227 651 1651 747 imperatore
1703 649 1903 723 facile
1923 705 1947 740 ,
2001 676 2179 749 quae
2230 667 2424 748 pete-

483 773 652 846 bant
677 828 701 864 ,
732 770 985 871 adepti.
1036 770 1310 844 emiffae
1364 795 1454 842 eo
1496 771 1828 844 cohortes
1876 772 2211 869 Ligurum
2242 796 2421 869 qua-
2496 778 2504 783 ’

354 877 451 975 78
481 911 650 969 tuor
684 949 710 986 ,
758 910 833 969 et
867 894 959 967 C.
1001 893 1270 966 Annius
1337 892 1742 991 praefectus.
1813 894 1890 967 Id
1940 894 2278 991 oppidum
2327 892 2425 965 ab
2524 964 2530 969 .
2632 926 2634 931 ⁴

352 1070 355 1071 f
478 1013 776 1088 Sidoniis
831 1015 1194 1088 conditum
1214 1070 1239 1105 ,
1290 1040 1473 1114 quos
1515 1014 1904 1114 accepi-mus
1950 1012 2287 1114 profugos
2317 1013 2418 1088 ob

466 1135 852 1211 discordias
884 1136 1158 1225 civilis,
1207 1136 1504 1210 navibus
1548 1137 1622 1208 in
1679 1161 1801 1209 eos
1852 1136 2053 1209 locos
2104 1135 2364 1209 veniffe
2392 1159 2422 1210 ε

478 1272 794 1334 ceterum
831 1258 1048 1332 ·1itum
1101 1260 1284 1332 inter
1338 1261 1507 1333 duas
1538 1259 1760 1358 Syrtis
1795 1313 1818 1350 ,
1868 1257 2119 1358 quibus
2154 1282 2420 1331 nomen
2506 1282 2509 1285 ’

454 1406 568 1455 ‘ex
622 1406 701 1458 re
750 1381 1051 1454 inditum
1080 1400 1136 1455 ¹.
1164 1384 1346 1454 Nam
1404 1383 1547 1454 duo
1604 1380 1761 1454 sunt
1826 1381 2007 1455 finus
2067 1400 2288 1477 prope
2343 1379 2426 1455 in

476 1519 788 1576 extrema
816 1503 1050 1576 Africa
1076 1504 1371 1599 impares
1419 1504 1889 1601 magnitudine
1908 1558 1932 1593 ,
1960 1504 2110 1599 pari
2127 1521 2369 1575 natura
2391 1528 2419 1576 ε

475 1648 786 1723 quorum
828 1649 1170 1721 proxuma
1208 1644 1459 1699 'terrae
1510 1625 1818 1724 praealta
1900 1625 2098 1712 sunt;
2145 1633 2419 1716 c'etera,⁴

477 1747 586 1819 'uti
625 1745 779 1820 fors
828 1747 991 1820 tulit
1011 1802 1035 1837 ‚
1072 1747 1271 1833 alta3
1331 1749 1466 1821 alia
1527 1749 1602 1820 in
1658 1747 2070 1845 tempestate
2133 1746 2418 1822 vadosa*-

469 1871 662 1945 Nam
713 1869 836 1942 ubi
890 1894 1076 1943 mare
1124 1894 1454 1968 magnum
1501 1868 1635 1945 effe
1668 1923 1692 1960 ‚
1741 1856 1818 1942 et
1869 1870 2138 1944 ‘saevire
2186 1871 2420 1946 ventis

478 1992 718 2086 coepit
744 2044 772 2081 ,
824 1991 1068 2063 limum
1090 2017 1510 2090 arenamque
1545 2011 1615 2063 et
1652 1991 1805 2064 saxa
1841 1993 2144 2090 ingentia
2169 1993 2426 2068 fluctus

479 2111 803 2184 trahunt:
828 2111 923 2184 ita
940 2110 1143 2184 facies
1161 2112 1486 2185 iocorum
1513 2134 1670 2186 cum
1702 2113 1931 2185 ventis
1971 2112 2166 2182 fimul
2186 2132 2420 2186 muta-

477 2242 619 2308 tur.
644 2249 681 2283 ²·
693 2234 855 2307 Eius
875 2234 1176 2309 civitatis
1199 2235 1430 2333 lingua
1454 2232 1669 2307 modo
1692 2231 2027 2307 conversa
2053 2235 2421 2309 connubio

481 2354 943 2431 Numidartun
1007 2376 1077 2429 :³
1126 2357 1350 2455 legeS‚
1400 2355 1762 2456 cultusque
1825 2357 2154 2454 pleraque
2213 2358 2422 2430 Sido-

480 2454 660 2554 nica.
759 2503 940 2578 quae
992 2504 1086 2552 eo
1149 2477 1415 2554 facilius
1479 2479 1872 2553 retinebant
1892 2536 1918 2568 ,
1995 2481 2191 2578 quod
2247 2506 2419 2581 pro-

478 2602 599 2675 cul
658 2601 751 2675 ab
819 2603 1118 2699 imperio
1187 2602 1366 2698 regis
1458 2619 1756 2672 aetatem
1839 2604 2154 2697 agebant.
2231 2604 2419 2675 Inter

481 2721 646 2801 illos
684 2728 764 2799 δε
792 2725 1230 2824 frequentem
1273 2723 1673 2798 Numidiam
1713 2723 1917 2802 multi
1936 2721 2247 2823 vastique
2273 2723 2421 2801 loci

484 2865 706 2922 erant.

362 3078 461 3154 79
585 3041 722 3116 Sed
769 3044 1104 3143 quoniam
1159 3037 1251 3116 in'
1286 3044 1409 3118 has
1457 3044 1776 3141 regiones
1833 3066 1963 3138 per.
2010 3043 2421 3141 Leptitano-

484 3190 644 3242 rum
694 3157 978 3264 negotia
1028 3165 1347 3240 venimus
1384 3192 1408 3253 3
1459 3190 1605 3238 non
1690 3164 2055 3262 indignum
2135 3169 2429 3241 videtur

586 3431 617 3474 1
691 3434 733 3474 ar
809 3436 1028 3494 augur,
1103 3408 1326 3470 trahere
1372 3431 1393 3486 3
1514 3428 1574 3469 ut
1606 3387 1835 3492 turpent
1870 3403 2114 3494 glossam
2135 3412 2288 3469 reste
2303 3411 2423 3471 eie*

494 3515 654 3602 quod
675 3518 875 3578 austor
905 3515 1091 3586 statim
1119 3514 1244 3599 ipse
1283 3535 1352 3575 ex
1370 3556 1389 3563 -
1514 3517 1590 3575 cit
1619 3514 1782 3577 Cort.

493 3623 691 3707 plicat.
1255 3643 1258 3647 ’
1562 3644 1588 3700 3
1623 3620 1824 3705 Vulgo
1848 3623 2034 3702 legum.
2054 3622 2224 3685 cort.
2245 3622 2418 3687 codd.

597 3752 629 3790 2
697 3727 877 3807 Quod
948 3726 1104 3811 vulg.
1182 3727 1396 3789 addunt
1517 3726 1673 3789 nisus
1694 3731 1847 3790 tecte
1864 3729 2133 3819 praetulit
2154 3730 2309 3812 leges.

492 3834 750 3922 (Syrtes
761 3835 832 3897 ab
860 3838 1028 3897 traelu
1059 3831 1403 3918 nominatae)
