2787 4602
462 399 601 491 με
1022 399 1881 526 εριιυςτιι

445 560 622 635 locis
661 589 687 636 τ
740 558 1008 636 avidius
1061 560 1262 633 alteri
1311 560 1569 635 alteros
1623 560 1965 653 sauciare,
2015 585 2223 662 quam
2276 565 2389 638 se-‘

449 703 596 758 met
684 705 941 783 tegere.
1037 681 1305 757 clamor
1407 686 1789 782 permixtus
1892 685 2297 761 hortatione
2364 741 2393 780 ‚

450 809 714 882 laetitia
764 863 789 900 ,
843 808 1113 906 gemitu
1181 831 1200 877 ε
1258 808 1428 880 item
1486 807 1804 906 strepitus
1872 833 2224 882 armorum
2303 810 2393 882 ad
2469 885 2472 890 ,

452 929 733 1005 coelum
796 930 964 1003 ferri
1017 956 1044 1001 ,ε
1103 928 1243 1001 tela
1299 929 1651 1028 utrimque
1698 931 1964 1004 volare.
2039 931 2171 1024 Sed
2244 930 2419 1023 illi,
2511 973 2516 976 -

449 1051 578 1152 qui
632 1049 908 1124 moenia
969 1049 1412 1124 defensabant
1447 1037 1484 1142 ,¹
1526 1052 1649 1123 ubi
1711 1051 1958 1125 hostes·
2005 1047 2396 1151 paullulum

452 1175 673 1249 modo
696 1197 996 1273 pugnam
1035 1171 1470 1264 remiserant,
1501 1174 1752 1246 intenti
1775 1174 2108 1271 praelium
2146 1173 2393 1274 eques-

452 1314 563 1371 tre
603 1294 1151 1395 prospectabant.
1182 1319 1309 1367 eos
1336 1349 1359 1384 ,
1393 1294 1497 1367 uti
1537 1321 1854 1395 quaeque
1884 1289 2251 1395 Iugurthae
2274 1308 2414 1369 res·

344 1441 353 1448 ’
454 1437 653 1493 erant
676 1471 699 1508 ,
754 1420 974 1491 laetos
1012 1417 1228 1488 modo
1257 1471 1280 1504 ,
1312 1416 1536 1488 modo
1583 1417 1877 1512 pavidos
1951 1417 2402 1492 animadvor-

455 1558 685 1615 term:
729 1565 855 1630 ac,
894 1540 1090 1611 ficuti
1126 1539 1348 1610 audiri
1388 1563 1430 1609 a
1484 1537 1654 1626 suis,
1686 1554 1805 1609 aut
1862 1538 2052 1611 cerni
2079 1518 2401 1635 possent,

457 1685 746 1734 monere
788 1661 948 1750 -alii,
1008 1660 1123 1733 alii
1176 1659 1488 1750 hortari,
1538 1677 1658 1732 aut
1709 1686 1920 1734 manu
1961 1655 2342 1759 significare
2373 1714 2400 1755 ,

457 1802 581 1858 aut
635 1783 767 1857 niti
828 1784 1242 1882 corporibus
1275 1839 1299 1876 ‚
1345 1803 1417 1857 et
1449 1771 1642 1875 huc,
1698 1784 1864 1859 illuc
1886 1838 1909 1875 ,
1962 1784 2151 1885 quast
2210 1764 2396 1858 vita-⁸

459 1904 677 1980 bundi
704 1962 729 1999 ,
789 1925 909 1980 aut
982 1907 1305 1980 iacientes
1368 1907 1507 1978 tela
1529 1961 1556 1994 ,
1647 1907 1926 2004 agitare,
1993 1907 2212 1999 Quod
2280 1907 2404 1978 ubi
2440 1997 2449 2005 ⁶

460 2031 690 2110 Mario
728 2031 1088 2127 cognitum
1131 2028 1227 2100 est
1254 2030 1459 2126 [nam
1502 2031 1556 2100 is
1598 2031 1669 2099 in
1708 2053 1788 2099 ea
1826 2029 2022 2123 parte
2064 2027 2404 2126 curabat]

366 2137 367 2142 ¹
465 2147 792 2224 consulto
839 2148 1059 2220 lenius
1112 2172 1313 2245 agere
1338 2201 1361 2236 ,
1405 2172 1491 2219 ‘ac
1524 2147 1975 2219 diffidentiam
2034 2149 2135 2220 rei
2192 2147 2408 2220 simu-‘-

464 2271 608 2346 lare
647 2292 667 2343 ἐ
715 2266 860 2369 pati
900 2268 1235 2342 Numidas
1286 2267 1427 2341 fine
1477 2268 1786 2341 tumultu
1836 2270 2013 2367 regis
2067 2270 2406 2368 praelium

465 2393 711 2470 visere.
750 2398 853 2466 Ita
895 2393 1029 2465 illis
1069 2390 1294 2466 studio
1356 2390 1642 2466 suorum
1683 2392 2005 2466 adstrictis
2046 2413 2096 2485 ¹,
2118 2413 2405 2491 repente

470 2518 832 2619 magnavi
865 2541 1144 2589 murum
1192 2515 1588 2613 adgreditur
1640 2542 1659 2585 t
1707 2533 1777 2587 et
1830 2515 1966 2588 iam
2009 2513 2200 2589 scalis
2237 2534 2263 2566 2
2294 2516 2406 2588 ad-

470 2640 667 2742 gressi
715 2641 967 2713 milites
1016 2664 1238 2736 prope
1290 2637 1551 2710 summa
1582 2655 1952 2733 ceperant,
1991 2664 2150 2710 cum
2202 2640 2411 2735 oppi-

434 2760 439 2763 ’
470 2767 636 2840 dani
673 2780 1140 2852 concurrunt,
1188 2761 1448 2858 lapides
1485 2815 1508 2850 ,
1567 2761 1796 2858 ignem
1818 2815 1841 2850 ,
1881 2760 2013 2832 alia
2050 2777 2403 2856 praeterea

475 2887 616 2960 tela
652 2886 995 2983 ingerunt
1047 2880 1284 2972 Nostri
1319 2882 1549 2977 prim-o
1586 2880 1926 2953 refistere:
1968 2881 2258 2972 deinde,
2287 2882 2412 2955 ubi

476 3030 655 3081 unae
704 3022 916 3103 atque
943 3004 1196 3077 alterae
1236 3000 1453 3081 scalae
1484 3002 1950 3075 comminutae
1973 3054 1994 3090 ,
2019 3002 2140 3099 qui
2178 2999 2404 3099 super-

388 3116 403 3122 ’
475 3127 803 3204 steterant
821 3177 850 3218 ,
915 3122 1170 3198 admeti
1252 3123 1452 3196 sunt·
1434 3176 1458 3211 ,
1523 3123 1735 3196 ceteri
1774 3142 1793 3186 ³
1827 3148 2122 3222 quoquo
2186 3124 2432 3198 modo

542 3469 587 3509 1
618 3448 678 3510 h.
723 3470 776 3510 e.
811 3448 1042 3510 attentis
1083 3445 1125 3508 s.
1139 3467 1387 3529 occupa·
1495 3448 1580 3527 fi,
1620 3444 1723 3527 (ut
1754 3436 2054 3505 escendere
2078 3491 2094 3518 ,
2134 3445 2406 3525 evadere)

481 3553 576 3617 tis.
1397 3584 1408 3591 x
1505 3552 1665 3635 quod
1685 3552 1764 3610 est
1798 3552 1862 3609 in
1896 3547 2192 3609 nonnullis
2238 3549 2409 3609 codd.

544 3681 577 3719 2
617 3656 723 3717 Sic
760 3655 898 3719 Ald.
947 3658 1074 3718 Riv.
1117 3656 1292 3718 Grut
1327 3648 1385 3718 8(
1595 3678 1621 3735 3
1682 3657 1780 3717 Sic
1820 3655 1956 3717 Ald.
2018 3663 2073 3715 δε
2122 3655 2275 3738 plur.
2335 3655 2411 3718 al.

482 3761 650 3824 multi
699 3761 864 3846 codd.
904 3761 1005 3823 Al.
1030 3762 1246 3845 ingreffi.
1284 3761 1385 3824 AL
1511 3761 1695 3846 Vulg.
1729 3785 1830 3844 quo
1859 3762 2084 3844 quisque.

482 3867 740 3953 congreffi.
756 3867 927 3932 Cort.
944 3866 1213 3952 praetulit
1231 3869 1392 3951 egres
