2787 4602
886 328 1707 407 CAT1L1NA:
2156 351 2263 426 ..47
2390 256 2496 455 ν’

305 516 465 592 que
520 492 735 591 gratia
755 546 785 585 ,
833 516 1064 592 neque
1110 489 1431 590 precibus
1448 542 1476 582 ‚
1531 513 1759 589 neque
1794 489 2024 587 pretio
2048 491 2259 565 Cice-

316 637 572 689 ronem
589 614 945 712 impellere
978 632 1276 711 potuere
1299 666 1323 703 ‚
1341 612 1449 685 uti
1480 635 1609 710 per
1640 613 2057 710 Allobroges
2076 666 2103 704 ,
2135 628 2259 685 aut

318 735 539 809 alium
577 735 875 824 indicem
917 735 1001 810 C.
1059 732 1308 809 Caesar
1333 732 1507 807 falso
1552 734 2048 807 nominaretur.
2080 733 2262 805 Nam

320 874 623 955 uterque
673 882 834 931 cum
888 855 1016 929 illo
1085 855 1314 953 gravis
1380 854 1773 944 inimicitias
1825 854 2261 928 exercebant.
2339 850 2343 855 ’

310 974 478 1050 Piso
543 995 982 1077 oppugnatus
1024 977 1098 1050 in
1128 976 1390 1051 iudicio
1425 978 2007 1074 repetundarum,
2042 994 2264 1071 prop-
2398 988 2403 991 “

199 1181 207 1187 ,
313 1118 429 1183 ter
451 1100 802 1209 cuiusdam
818 1100 1284 1200 Transpadani
1313 1100 1722 1200 supplicium
1740 1099 2096 1175 iniustum:
2119 1099 2272 1171 Ca-'

202 1218 212 1231 '
305 1222 513 1299 ‘tulus
547 1222 990 1321 expetitione
1011 1222 1464 1299 Pontificatus
1481 1226 1657 1297 odio
1698 1222 2046 1313 incensus,
2060 1220 2259 1320 quod

314 1358 635 1429 extrema·
672 1362 897 1421 aetate
919 1398 944 1436 ,
964 1333 1707 1419 maxumishonoribus
1732 1344 1926 1433 usus,
1962 1345 2053 1415 ab
2086 1343 2264 1414 ado-

313 1463 734 1568 lescentulol
766 1465 1055 1543 Caesare
1109 1467 1328 1540 viRus
1392 1466 1800 1540 discesserat.
1850 1468 1991 1559 Res
2027 1484 2264 1538 autem

315 1608 726 1685 opportuna
783 1590 1192 1676 videbatur;
1247 1590 1444 1689 quod
1496 1589 1824 1687 privatim
1865 1588 2137 1686 egregia
2169 1587 2264 1659 li-
2401 1585 2409 1594 '

315 1709 683 1789 beralitate
704 1766 730 1802 ,
764 1714 1042 1810 publice
1092 1713 1432 1784 maxumis
1481 1713 1883 1784 muneribus
1932 1712 2261 1807 grandem

312 1833 691 1931 pecuniam
732 1834 1046 1906 debebat.
1094 1834 1228 1906 Sed
1273 1834 1393 1905 ubi
1440 1832 1818 1905 Consulem
1870 1834 1958 1903 ad
1985 1832 2258 1902 tanturn

311 1950 585 2034 §acinus
648 1953 1002 2051 impellere
1056 1971 1455 2055 nequeunt,
1518 1952 1641 2053 ipsi
1688 1953 2071 2052 singulatim
2118 1950 2261 2022 cir-

315 2076 758 2168 cumeundO,
795 2096 1005 2176 atque
1026 2079 1479 2153 ementiundo
1495 2104 1713 2178 ‚quae
1735 2077 1804 2150 se
1846 2100 1935 2149 ex
1968 2075 2259 2147 Voltur·

309 2196 474 2288 cio,
521 2217 641 2275 aut
687 2199 1188 2299 Allobrogibus
1227 2201 1483 2279 audiss‘e
1533 2203 1877 2289 dicerent,
1939 2212 2259 2297 magnam

308 2319 424 2395 illi
462 2323 799 2400 invidiam
840 2323 1353 2412 conflaverant3
1387 2324 1603 2423 usque
1637 2350 1727 2402 eo
1748 2377 1773 2416 ,
1822 2337 1902 2396 ut
1934 2300 2261 2395 nonnulli

313 2444 593 2542 equites
659 2443 1016 2537 Romani,
1066 2445 1186 2541 qui
1247 2445 1561 2542 praesidii
1617 2445 1841 2519 caussa
1885 2472 2047 2519 cum
2100 2445 2261 2517 telis

187 2558 197 2569 ’
311 2582 524 2642 crant
600 2566 918 2639 circum¹
962 2566 1202 2638 aedem
1248 2566 1688 2641 Concordiae
1723 2619 1749 2654 ,
1800 2567 1917 2656 seu
1966 2566 2260 2664 periculi

307 2686 794 2786 magnitudine
814 2741 839 2777 ,
897 2685 1017 2763 seu
1062 2688 1270 2762 animi
1329 2687 1693 2767 nobilitate
1740 2688 2048 2783 impulfi,
2100 2710 2252 2784 quo

239 2823 244 2826 ’
325 2807 624 2881 studium
665 2809 738 2882 in
791 2810 1287 2907 rempublicam
1333 2811 1581 2884 clarius
1629 2809 1795 2882 ess'et
1814 2865 1840 2902 ,
1873 2795 2252 2909 egredienti
2338 2833 2343 2839 ·

319 2953 412 3002 ex
435 2931 699 3004 Senatu
740 2929 1013 3006 Caesari
1057 2927 1834 3031 gladio'minitarentur.
1855 2935 2053 3007 Dum
2077 2934 2249 3008 haec
2280 2956 2376 3036 50

321 3050 398 3124 in
428 3055 682 3129 Senatu
728 3075 1063 3156 aguntur,
1098 3075 1168 3130 et
1193 3058 1359 3131 dum
1403 3058 1641 3155 legatis
1680 3035 2143 3156 Allobrogum
2179 3075 2255 3131 et

321 3173 494 3248 Tito
525 3178 939 3272 Volturcio,
968 3180 1432 3278 comprobato
1457 3205 1702 3254 eorum
1720 3181 2024 3270 indicio,
2051 3199 2258 3277 prae-
2329 3211 2335 3216 ·

323 3298 462 3372 mia
502 3300 1015 3376 decernuntur:
1067 3303 1332 3394 liberti,
1392 3323 1463 3379 et
1505 3304 1708 3402 pauci
1761 3327 1849 3377 ex
1885 3297 2256 3375 clientibus

323 3421 648 3514 Lentuli,
685 3422 964 3498 divertis
1010 3425 1368 3500 itineribus
1387 3423 1693 3521 opifices
1727 3442 1937 3522 atque
1976 3420 2257 3497 servitia

320 3541 397 3616 in
429 3543 605 3619 vicis
641 3543 731 3618 ad
759 3536 922 3620 eum
970 3548 1407 3645 eripiendum
1457 3542 1962 3619 sollicitabant.
2001 3542 2257 3644 partim

415 3709 444 3754 ι
493 3690 670 3755 Cort.
695 3690 848 3754 nale
875 3688 1118 3754 'extmsrt
1141 3716 1233 3753 ae-
1351 3704 1697 3781 praeeunte.

321 3792 440 3858 'dem
455 3840 480 3870 ,
505 3797 690 3862 unico
710 3797 848 3862 cod.
865 3789 1236 3880 Merseburg.
