2787 4602
856 294 1722 377 IUGUR’RHA‘:
2043 308 2268 397 ‘151'

336 450 768 527 consulatum
824 455 1152 531 nobilitas
1211 456 1395 529 inter
1443 456 1511 530 se
1562 483 1689 555 per
1740 482 1980 534 manus
2039 458 2270 532 trade-

337 573 474 647 bat.
547 577 796 648 Novus
840 601 1049 648 nemo
1100 596 1242 648 tam
1293 578 1514 674 ciarus
1547 632 1570 669 ,
1617 604 1844 677 neque
1894 597 2038 653 tam
2072 604 2271 677 egre-

336 698 463 793 giis
514 696 701 770 saitis
754 716 899 770 erat
927 753 949 789 ‚
995 678 1164 796 qtiin
1206 699 1311 770 his
1353 699 1672 797 indignus
1717 701 1848 773 illo
1888 703 2167 781 honore
2193 720 2269 777 et
2359 734 2364 745 “

338 820 526 915 quafi
582 820 894 915 polluttis
936 821 1327 896 haberetur.
1407 823 1623 919 Igitur
1673 822 1794 894 ubi
1844 825 2103 899 Mar-ius
2150 825 2274 899 has-
2301 810 2400 905 64

335 937 622 1043 ruspicis
661 942 838 1014 dieta
876 943 1124 1015 eodem
1161 944 1520 1016 intendere
1548 943 1745 1018 videt
1772 997 1795 1034 ,
1833 969 1980 1042 quo
2013 946 2273 1043 cupido

337 1062 550 1133 animi
604 1063 1055 1161 hortabatur,
1097 1064 1183 1135 ab
1232 1064 1525 1136 Metello
1558 1117 1584 1154 ,
1647 1066 1938 1160 petundi
2009 1068 2224 1163 gratia
2249 1121 2276 1161 ,

337 1178 738 1271 mistionem,
790 1201 989 1280 rogat
1028 1211 1052 1254 :.
1098 1185 1210 1257 cui
1264 1210 1685 1283 quamquam
1726 1186 1951 1259 virtus
1978 1240 2014 1275 ,‚
2045 1188 2270 1284 gloria

341 1320 555 1399 atque
583 1304 713 1405 alia
733 1307 1036 1403 optanda
1070 1306 1277 1381 bonis
1306 1305 1718 1404 superabant
1740 1325 2023 1397 „tamen
2051 1307 2272 1381 inerat
2328 1302 2361 1337 ⁶

347 1444 749 1499 contemtor
766 1429 1028 1530 animus
1043 1447 1112 1501 et
1133 1427 1476 1527 superbia,
1495 1452 1866 1502 commune
1894 1426 2281 1503 nobilitatis

344 1547 624 1620 malum.
648 1552 883 1648 Itaque
904 1530 1204 1650 primum
1227 1567 1623 1623 commotus
1640 1547 1916 1623 insolita
1936 1573 2043 1639 re,
2053 1546 2287 1621 mirari

344 1671 501 1741 eius·
537 1671 896 1743 confilium
928 1724 951 1761 ,
987 1674 1066 1744 &
1121 1672 1310 1770 quast
1347 1697 1472 1769 per
1519 1672 1901 1744 amicitiam
1941 1694 2231 1761 monere
2259 1721 2288 1760 o

242 1780 247 1783 ’
347 1817 435 1867 ne
495 1810 636 1864 tam
725 1817 940 1889 prava
1007 1793 1386 1888 inciperet,
1450 1817 1592 1895 neu
1644 1791 1847 1887 super
1925 1791 2295 1899 fortunam.

347 1914 655 1986 animum
714 1932 986 2013 gereret
1049 1941 1067 1986 τ
1122 1940 1270 1987 non
1334 1914 1572 1987 omnia
1618 1913 1957 1986 omnibus.
1997 1910 2323 2007 cupium-N
2415 1975 2434 1989 .

325 2035 434 2107 -da
485 2035 618 2108 effe
679 2060 697 2105 τ
762 2036 1014 2109 debere
1069 2035 1171 2107 illi
1210 2060 1348 2109 res
1366 2033 1516 2107 suas
1567 2032 1724 2106 satis
1797 2034 2120 2132 placere.
2156 2054 2294 2128 po-

348 2155 601 2230 stremo
677 2175 958 2232 caveret
1021 2158 1093 2230 id
1155 2175 1395 2256 petere
1459 2181 1498 2228 a
1558 2155 1875 2253 populo
1906 2156 2234 2228 Romano
2265 2204 2292 2245 ,

347 2280 544 2378 quod
596 2279 696 2351 illi
746 2280 895 2352 iure
960 2297 1348 2378 negaretur.
1413 2266 1798 2377 Postquam
1862 2275 2034 2350 haec
2078 2292 2293 2374 atque

349 2400 512 2472 talia
596 2399 816 2493 dixit,
879 2427 1105 2500 neque
1179 2401 1448 2474 animus
1508 2400 1710 2472 Marii
1771 2398 2132 2492 fleffitur3
2181 2422 2296 2469 re-

352 2521 632 2622 spondit
658 2522 833 2610 ‚ubi
883 2522 1182 2618 primum
1229 2517 1562 2620 potuisset
1615 2543 1741 2615 per
1780 2519 2062 2615 negotia
2124 2516 2298 2615 pub-

354 2650 529 2738 lica,
596 2627 953 2720 faEturum
1013 2640 1150 2715 sese
1178 2696 1202 2733 ,
1290 2667 1470 2746 quae
1539 2657 1833 2739 peteret.
1879 2645 2010 2712 Ac
2065 2635 2302 2736 postea

362 2770 628 2866 laepius
689 2770 930 2842 eadem
1013 2764 1391 2862 postuianti
1425 2818 1453 2855 ‚
1533 2762 1753 2836 fertur
1823 2758 2067 2833 dixiffe
2103 2812 2131 2849 ‚
2211 2782 2303 2832 ne

361 2892 710 2966 {estinaret
778 2890 967 2964 abire
1019 2914 1037 2961 ε
1098 2887 1253 2961 satis
1323 2904 1595 2960 mature
1672 2884 1872 2958 illum
1922 2908 2086 2957 cum
2153 2880 2306 2955 filio

361 3013 488 3090 suo
541 3013 978 3090 consulatum
1029 3013 1437 3109 petiturum.
1491 3013 1549 3082 Is
1600 3033 1688 3083 eo
1740 3026 2065 3105 tempore
2117 3031 2298 3079 con-

362 3138 689 3212 tubernio
748 3136 971 3232 *patris
1039 3134 1296 3209 ibidem
1373 3130 1711 3206 militabat
1735 3183 1761 3220 ,
1824 3152 2045 3201 annos
2105 3145 2308 3201 natus

361 3263 638 3336 circiter
680 3259 844 3334 XX.
899 3284 1077 3356 quae
1129 3282 1236 3331 res
1281 3255 1584 3330 Marium
1632 3273 1953 3348 cumpro
1993 3236 2309 3339 honore,

360 3406 575 3483 quem
646 3377 1025 3452 adse-stabat
1068 3431 1091 3468 ,
1142 3397 1294 3450 tum
1361 3355 1612 3448 contra
1659 3370 2025 3446 Metellum
2085 3368 2310 3441 vehe-

364 3521 636 3577 menter
713 3500 1147 3574 accenderat:
1235 3499 1337 3569 Ita
1438 3494 1760 3589 cupidine
1848 3508 2058 3588 atque
2144 3489 2243 3561 ira
2284 3542 2312 3579 ,

369 3622 692 3724 peffumis
764 3617 1279 3698 consultoribus
1302 3672 1328 3709 ‚
1408 3614 1682 3716 graffari
1735 3627 1759 3682 ᾖἑ
1815 3636 2040 3712 neque
2130 3609 2317 3684 fafito

802 3761 815 3776 ,f
1767 3734 1839 3808 K
1887 3758 1937 3827 4
