2787 4602
531 376 681 465 md
1060 346 1932 449 §Attvsrxr

531 514 790 609 ACTA
845 531 1009 613 ms-
1048 534 1757 611 IMMORTALIBUS
1788 507 2251 646 supmcn
2300 528 2466 619 m:-

521 656 958 731 CERNERE
1006 684 1025 730 ε
1073 657 1320 732 civitas
1348 711 1373 748 ,
1443 659 1713 756 trepida
1764 677 1970 734 antea
2033 675 2107 733 et
2166 656 2475 735 sollicita·
2535 650 2544 663 ’

522 778 614 851 de
665 777 830 851 belli
875 797 1137 853 eventu
1157 831 1182 870 ‚
1243 779 1427 853 laeta
1482 804 1685 880 agere
1733 807 1753 854 z
1798 779 1978 857 fama
2032 781 2120 854 de
2165 779 2470 856 Metello

522 898 875 999 praeclara
915 898 1072 974 effe.
1147 901 1363 998 Igitur
1404 924 1493 974 eo
1567 902 1911 976 intentior
1954 902 2041 981 ad
2097 902 2465 982 viaoriam

523 1012 705 1111 niti',
757 1022 1081 1096 omnibus
1129 1022 1356 1096 modis
1428 1020 1744 1096 festinare
1769 1077 1794 1114 ‚
1863 1050 2114 1099 cavere
2188 1041 2468 1116 tamen,

520 1144 775 1217 necubi
821 1144 1003 1218 hosti
1042 1162 1486 1244 opportunus
1531 1144 1732 1219 fieret
1771 1170 1791 1216 ε
1828 1145 2207 1222 meminiffe
2236 1199 2261 1239 ,
2308 1143 2476 1244 post

520 1266 818 1364 gloriam
853 1267 1189 1340 invidiam
1238 1265 1452 1367 sequi.
1522 1270 1629 1341 Ita'
1677 1294 1825 1367 quo
1865 1268 2120 1341 clarior
2170 1285 2353 1357 erat,
2373 1290 2472 1339 eo

519 1389 736 1486 magis
778 1407 800 1440 ¹
842 1391 1055 1463 animi
1103 1390 1344 1462 anxius
1375 1417 1396 1462 τ
1447 1416 1675 1491 neque
1719 1390 1878 1492 post
1905 1390 2180 1464 ‘infidias
2221 1390 2508 1488 Iugur-'

521 1510 686 1586 thae
726 1510 943 1585 effuso
988 1514 1298 1586 exercitu
1348 1514 1662 1609 praedari
1698 1538 1715 1583 τ
1752 1513 1872 1585 ubi
1915 1512 2269 1586 frumento
2295 1566 2328 1601 ,1
2349 1526 2473 1585 aut

521 1631 785 1729 pabulo
830 1657 1008 1730 opus
1036 1650 1220 1725 erat,
1269 1633 1601 1707 cohortes
1665 1659 1828 1708 cum
1886 1634 2082 1708 omni
2149 1634 2478 1734 equitatu

524 1755 931 1852 praefidium
980 1755 1331 1855 agitabant
1369 1783 1388 1828 ε
1440 1757 1783 1854 exercitus
1831 1756 2082 1856 partim
2125 1754 2267 1855 ipse
2291 1809 2314 1846 ,
2357 1781 2473 1827 re-

525 1875 763 1975 liquos
829 1880 1091 1953 Marius
1151 1879 1475 1982 ducebat.
1550 1862 1686 1955 Sed
1750 1881 1894 1979 igni
1943 1881 2158 1978 magis
2188 1933 2212 1969 ‚
2264 1902 2476 1978 quam

524 2002 780 2094 praeda
804 2054 828 2090 ‚
866 2027 1031 2103 ager
1051 1986 1467 2113 vastabatur.
1490 2003 1798 2075 Duobus
1820 2002 2021 2091 lociS,
2045 2000 2231 2072 haud
2264 2000 2482 2097 longe‘

526 2122 713 2192 inter
745 2116 813 2191 se
833 2175 855 2210 ‚
890 2121 1107 2194 castra
1148 2120 1526 2195 faciebant.
1549 2120 1671 2195 ubi
1698 2122 1776 2195 vi
1797 2146 1977 2217 opus
2011 2138 2195 2211 erat,
2246 2118 2484 2195 cunffi

521 2238 814 2320 'aderant
865 2269 884 2314 τ
927 2262 1238 2321 ceterum
1269 2299 1293 2336 ‚
1367 2269 1517 2345 quo
1558 2241 1721 2344 fuga
1761 2260 1974 2345 atque
2019 2239 2327 2318 formido
2359 2239 2471 2314 la-

528 2368 667 2440 tius
716 2366 1103 2442 crescerent
1139 2425 1163 2460 ,
1199 2370 1461 2443 divorsi
1501 2369 1819 2469 agebant.
1864 2370 1970 2442 Eo
2003 2385 2325 2465 tempore
2363 2368 2480 2439 Iu·-

402 2473 405 2482 ’
529 2490 783 2592 gurtha
826 2516 955 2588 per
989 2493 1189 2567 collis
1236 2491 1431 2595 sequi
1465 2520 1483 2564 ε
1519 2510 1836 2596 tempuS‚
1867 2507 1988 2565 aut
2028 2489 2266 2565 locum
2297 2511 2484 2587 pug⁴

529 2617 660 2711 nae
729 2640 1060 2714 quaerere
1102 2642 1122 2686 ε
1170 2642 1307 2716 qua
1361 2631 1740 2690 venturum
1805 2611 2075 2686 hostem
2126 2609 2435 2684 audierat
2455 2661 2486 2699 ,

529 2739 863 2837 pabulum
886 2756 959 2813 et
988 2766 1323 2839 aquarum
1359 2738 1578 2813 fontis
1596 2793 1620 2829 ‚
1641 2760 1952 2836 quorum
1973 2731 2266 2832 penuria
2291 2749 2483 2821 erat,

533 2884 983 2956 corrumpere
1019 2885 1038 2930 z
1098 2861 1318 2933 modo
1357 2859 1424 2932 se
1468 2860 1759 2935 Metello
1787 2913 1811 2948 ‚
1860 2857 2218 2930 interdum
2252 2854 2485 2926 Mario

533 2981 939 3067 ostendere3
991 2979 1381 3078 postremos
1421 2983 1493 3055 in
1541 2983 1812 3079 agmine
1854 2991 2124 3053 tentare
2152 3030 2175 3066 ,
2227 3000 2306 3050 ac
2350 2973 2486 3050 sta-

530 3105 660 3178 tim
704 3104 778 3176 in
834 3102 1034 3179 collis
1075 3105 1391 3202 regredi,
1447 3102 1682 3177 rursus
1731 3103 1879 3177 aliis
1906 3157 1930 3194 ‚
1975 3099 2134 3200 post
2162 3101 2315 3175 aliis
2347 3101 2488 3173 mi-

534 3229 740 3302 nitari
773 3252 1041 3329 :neque
1073 3226 1410 3323 praelium
1441 3225 1671 3301 ‘facere
1687 3281 1710 3318 ,
1746 3245 1976 3327 neque
2026 3226 2256 3303 otium
2295 3226 2488 3324 pati;

373 3371 376 3377 “
413 3363 502 3462 56
539 3353 1030 3462 tantummodo
1067 3350 1338 3428 hostem
1387 3347 1475 3426 ab
1504 3352 1790 3449 incepto
1844 3351 2169 3424 retinere.
2217 3346 2487 3423 Roma-

542 3503 673 3554 nus
712 3479 1096 3578 imperator
1151 3476 1274 3552 ubi
1327 3474 1399 3551 se
1443 3474 1627 3550 dolis
1662 3474 1935 3577 fatigari
1980 3475 2220 3566 videt,
2257 3494 2493 3571 neque

639 3776 664 3813 1
728 3751 959 3814 Vocem
1007 3753 1174 3814 animi
1215 3754 1452 3838 quidam
1574 3735 1742 3829 tunt,
1798 3770 1944 3841 quae
1975 3756 2033 3815 δε
2066 3743 2247 3846 abesse
2283 3747 2490 3834 potest·

552 3859 721 3924 codd.
772 3859 983 3923 habent
1000 3904 1021 3935 ,
1067 3857 1225 3947 vulg.
1276 3861 1463 3924 omit-
1717 3853 1724 3858 ⁴
2385 3859 2428 3882 ''
