2787 4602
791 357 826 427 ι
871 353 943 428 U
993 356 1063 428 G
1107 347 1533 424 URQTJH
1576 327 1679 430 ‘Aa
2112 363 2257 434 ηε

323 537 413 589 ex
447 533 469 565 ¹
508 514 813 588 Mamilia
871 487 1240 610 rogatione
1316 527 1460 586 tres
1516 503 1939 612 quaefitores
1961 533 1989 566 2
2037 537 2249 610 roga-

319 651 562 711 rentur
581 684 605 720 ,
657 617 1021 723 effecerat,
1055 631 1161 704 uti
1198 630 1340 729 ipse
1367 633 1441 706 in
1492 660 1582 707 eo
1645 659 1941 707 numero
1981 659 2251 707 creare-

322 770 463 834 tur.
512 755 648 827 Sed
688 753 997 853 quaestio
1050 754 1350 827 exercita
1379 752 1613 852 aspere
1641 756 2130 854 violenterque
2163 780 2253 826 ex

210 905 217 906 ’
318 898 600 949 rumore
631 925 657 967 ‚
697 893 768 949 et
802 877 1109 949 lubidine
1152 877 1399 974 plebis,
1436 898 1517 950 ut
1549 875 1754 975 saepe·
1778 879 2255 967 nobilitatem,

318 1000 410 1073 fic
447 1024 527 1096 ea
555 998 955 1097 tempestate
996 1000 1271 1098 plebem
1315 1027 1403 1073 ex
1450 1000 1786 1090 secundis
1811 1001 2016 1073 rebus
2064 996 2255 1072 inso—

322 1118 533 1193 lentia
580 1139 878 1217 ceperat.
928 1123 1262 1197 Ceterum
1322 1148 1478 1197 mos
1528 1125 1868 1220 partium3
1906 1107 2260 1219 ¹(popula-
2282 1147 2375 1215 41

316 1244 503 1317 rium
563 1262 635 1316 et
674 1244 904 1318 Senati
967 1243 1351 1319 factionum
1374 1256 1409 1343 )
1429 1298 1455 1334 ‚
1501 1270 1585 1326 ac
1636 1245 1887 1318 deinde
1942 1242 2259 1318 omnium

319 1365 656 1442 malarum
704 1365 959 1444 artium
987 1369 1223 1464 paucis
1261 1385 1422 1440 ante
1466 1367 1663 1444 annis
1707 1368 1978 1438 Romae
2018 1382 2216 1436 ortus
2234 1417 2260 1453 ‚

321 1488 477 1565 Otio
517 1505 587 1560 et
620 1487 1039 1563 abundantia
1066 1515 1302 1562 earum
1331 1488 1597 1579 rerum,
1626 1505 1808 1587 quae
1831 1488 2050 1584 prima
2081 1509 2264 1557 mor-

318 1609 490 1688 tales
522 1610 808 1685 ducunt.
844 1615 1030 1685 ‘Nam
1075 1631 1233 1689 ante
1262 1613 1755 1709 Carthaginem
1788 1610 2086 1683 deletam
2124 1633 2262 1704 po-

261 1731 269 1738 ’
321 1729 527 1823 pulus
585 1749 657 1802 et
707 1733 996 1808 Senatus
1039 1735 1399 1806 Romanus
1467 1734 1752 1829 placide
1803 1719 2282 1827 modesteque'

320 1850 504 1929 inter
548 1847 615 1921 se
653 1851 1149 1947 rempublicam
1199 1853 1577 1924 tractabant
1616 1858 1644 1924 τ’
1677 1876 1906 1951 neque
1951 1852 2213 1948 gloriae
2236 1904 2262 1940 ‚

321 1995 574 2072 neque.
601 1973 1107 2047 dominationis
1165 1993 1517 2045 certamen
1573 1973 1756 2045 inter
1827 1972 2000 2046 civis
2052 1989 2199 2044 erat
2240 1995 2259 2040 ε

318 2114 546 2168 metus
573 2094 838 2174 hostilis
878 2097 952 2174 in
978 2095 1185 2170 bonis
1208 2096 1474 2169 artibus
1507 2096 1862 2169 civitatem
1893 2094 2274 2168 retinebat:

328 2219 462 2324 Sed
529 2218 650 2291 ubi
705 2217 1011 2297 formido
1070 2219 1190 2290 illa
1238 2218 1587 2290 mentibus
1646 2216 1968 2305 disceffit3
1999 2234 2032 2278 4
2063 2215 2259 2290 illico

321 2365 447 2430 ea,
507 2366 683 2438 quae
734 2339 1071 2415 secundae
1107 2367 1217 2419 res
1264 2322 1502 2416 ‘amant
1520 2395 1544 2431 ,
1586 2339 1865 2420 lascivia
1897 2358 2108 2438 atque
2147 2338 2263 2412 su·-

322 2461 563 2559 perbia
602 2461 951 2536 inceffere.
993 2467 1141 2553 Ita,
1192 2463 1388 2559 quod
1439 2463 1513 2533 in
1550 2461 1856 2534 advonfis
1897 2461 2102 2534 rebus
2128 2486 2263 2556 op-

325 2592 645 2660 taverant
669 2637 693 2674 ‚
731 2584 956 2661 otium
976 2637 999 2676 ‚
1027 2583 1398 2683 postquam
1433 2582 1668 2679 adepti
1698 2582 1891 2673 sunt,
1913 2581 2259 2677 asperius,

385 2902 408 2939 1
446 2878 546 2953 Al.
577 2875 967 2945 Mamilli..A1.
992 2877 1218 2937 Mamil-
1324 2876 1619 2956 sitilianum
1671 2874 1811 2937 velit
1871 2879 2119 2941 retinere
2157 2856 2265 2960 po·

319 2986 485 3046 liam.
548 3044 577 3051 „
674 3056 677 3057 ⁷
935 3009 942 3017 ·
1115 2978 1119 2983 ¹
1334 2985 1456 3065 puli
1488 2985 1770 3044 &Senattl

379 3105 409 3140 2
440 3081 496 3140 h.
529 3102 587 3141 e.
603 3082 820 3141 iudices
860 3081 1218 3163 publicarum
1399 3109 1438 3158 4
1495 3081 1679 3166 Vulg.
1703 3083 1910 3166 scilicet
1968 3109 2067 3159 ea,
2120 3107 2263 3169 quas

329 3187 766 3272 quaestionum,
790 3190 890 3270 qui
931 3207 1231 3268 praeerant
1355 3209 1529 3248 voces
1564 3186 1738 3248 Gna.
1794 3197 1850 3248 &
1874 3186 2039 3249 Cort.
2080 3185 2264 3253 abesse

321 3294 549 3354 iudiciis
632 3294 1091 3354 extraordinariis
1158 3296 1223 3353 in
1345 3293 1585 3357 malunt.
1635 3292 1734 3354 Al.
1771 3293 1906 3352 inde
1947 3292 2134 3353 fecere
2172 3296 2263 3352 ili-

321 3397 679 3499 gravioribus
728 3398 1058 3460 crimInibus
1072 3445 1096 3474 ,
1150 3399 1220 3460 dc
1343 3418 1427 3458 cet
1454 3422 1533 3459 ea.
1578 3398 1694 3458 Sed
1717 3417 1957 3479 utraque
1983 3400 2187 3478 partic.
2203 3397 2262 3459 h.

323 3506 527 3589 quibus
560 3502 718 3593 nulla
748 3502 861 3563 lex.
1262 3530 1268 3541 ’
1348 3500 1390 3562 l.
1420 3524 1542 3561 non
1572 3504 1652 3561 est
1687 3500 2084 3563 consentanea.
2107 3503 2265 3563 Scri-

385 3632 414 3687 3
458 3609 741 3669 Gruterus
780 3608 951 3666 verba
994 3628 1118 3686 pop.
1157 3610 1213 3669 6·
1337 3610 1527 3667 bimus
1596 3608 1739 3666 illico
1769 3654 1788 3681 ‚
1853 3610 1944 3667 cui
2012 3630 2080 3667 ex
2148 3608 2262 3669 fine

316 3719 442 3776 Sen.
506 3713 633 3791 fizfl.
694 3711 1211 3795 interpolationem
1333 3734 1526 3795 praee.
1568 3697 1967 3775 vocis‘forsan
2007 3716 2149 3805 quid
2174 3715 2263 3775 ad-

315 3841 523 3907 putat:
590 3830 646 3883 δε
709 3819 945 3892 Cottius
1010 3816 1203 3885 deleto
1277 3806 1287 3817 ’
1324 3819 1513 3883 haesit.
