2787 4602
563 325 732 404 DE
813 323 1067 397 REP.
1156 321 2052 400 oRD1NANDA.
2186 340 2323 424 295

367 484 629 563 malum
678 481 994 564 facinus
976 508 1051 557 m
1091 478 1160 554 se
1198 483 1686 593 committere,
1740 486 1865 585 qui
1924 485 2325 561 incommo-

371 610 467 684 do
539 608 711 705 reip.
789 604 1080 709 gratiam
1170 601 1294 674 fibi
1369 605 1764 677 conciliet·
1746 658 1770 691 ,
1864 604 1990 691 ubi
2056 601 2328 678 bonum

221 749 226 753 ’
345 731 733 829 ,publicum
803 729 1014 801 etiam
1070 725 1404 824 privatim
1448 724 1601 797 usui
1654 725 1791 799 est:
1852 727 1924 799 id
1972 751 2150 801 vero
2192 727 2330 801 du-

370 854 594 943 bitare
659 852 939 950 adgredi
980 905 1005 943 ,
1053 838 1439 925 socordiae]
1470 868 1679 947 atque
1736 849 2053 947 ignaviae
2114 847 2331 923 duco-

367 981 471 1053 M.
546 976 750 1053 Livio
784 972 1027 1050 Druso
1094 971 1371 1071 semper
1426 968 1790 1042 confilium
1833 970 1966 1045 fuit
1998 1024 2023 1063 ,
2096 971 2330 1045 intri-

369 1096 955 1187 bunatuxsumma
1010 1121 1147 1195 ope
1211 1097 1342 1203 niti
1392 1119 1526 1192 pro
1587 1094 1955 1168 nobilitate
2011 1121 2031 1167 ε
2099 1119 2333 1194 neque
2384 1094 2389 1099 ’

369 1222 588 1295 ullam
640 1240 788 1296 rem
831 1224 918 1323 ³¹¹..
943 1220 1289 1320 principio
1350 1245 1555 1317 agere
1616 1220 1962 1310 intendit,
2044 1217 2170 1307 nisi
2225 1218 2331 1291 ini

369 1343 685 1417 auitores
759 1341 1028 1417 fierent.
1096 1342 1231 1415 Sed
1300 1342 1622 1414 homines
1693 1341 2011 1435 faetiofi,
2076 1340 2332 1452 quibus

370 1464 577 1541 dolus
617 1520 644 1557 ,
698 1483 911 1567 atque
953 1464 1213 1538 malitia
1239 1517 1270 1579 ‚³
1349 1463 1486 1537 fide
1557 1465 1826 1539 cariora
1903 1456 2147 1555 erant,
2207 1445 2333 1534 ubi

369 1585 873 1662 intellexerunt
903 1640 928 1679 ,
1013 1612 1140 1684 per
1198 1612 1421 1659 unum
1492 1586 1851 1661 hominem
1922 1610 2333 1663 maxumum

371 1709 810 1785 beneficmm
845 1709 1081 1780 multis
1137 1708 1550 1781 mortalibus
1615 1710 1822 1783 dari:
1871 1710 2203 1784 videlicet
2258 1724 2330 1781 et

370 1830 495 1919 fibi
550 1798 844 1939 quisque
891 1822 1206 1904 conscius
1233 1886 1256 1922 ‚
1300 1832 1489 1910 malo
1540 1850 1750 1931 atque
1807 1831 2027 1905 infido
2089 1832 2334 1915 animo·

373 1953 510 2029 effe
555 2007 580 2044 ‚
634 1954 720 2026 de
765 1957 864 2027 M.
908 1954 1116 2028 Livio
1158 1951 1400 2026 Druso
1445 1953 1706 2043 iuxta
1738 1978 1817 2028 ac
1863 1954 1948 2028 de
1998 1949 2130 2043 se,
2184 1953 2331 2026 exi-

369 2074 1180 2175 stumaverunt.1taque
1240 2093 1498 2166 metu,
1549 2101 1637 2151 ne
1694 2098 1823 2169 per
1867 2091 2139 2149 tantam
2184 2099 2330 2201 gra-

287 2264 296 2285 „
369 2197 541 2269 tiam
614 2195 803 2270 solus
861 2223 1097 2269 rerum
1154 2197 1570 2294 potiretur,
1626 2216 1878 2272 contra
1930 2222 2092 2270 eum
2139 2167 2300 2270 nifi
2304 2242 2330 2289 ,

372 2316 494 2422 sua
550 2335 621 2391 et
662 2318 870 2413 ipfius
918 2318 1198 2392 consilia
1252 2320 1838 2398 disturbaverunt.
1915 2323 2087 2414 Quo
2139 2320 2267 2393 tibi
2303 2375 2331 2413 ,

370 2443 758 2537 Imperator
787 2494 810 2530 ‚
853 2441 1115 2514 maiore
1165 2464 1334 2542 cura
1388 2440 1671 2540 fideque
1713 2441 1967 2531 amici,
2010 2459 2082 2516 et
2111 2442 2333 2542 multa

269 2553 277 2582 ¹
375 2563 706 2668 praefidia
747 2564 1051 2662 paranda
1084 2561 1266 2636 sunt.
1424 2605 1429 2608 Δ

1080 2687 1141 2758 C
1185 2706 1239 2758 A
1279 2706 1345 2760 P.
1436 2686 1632 2758 VII.

472 2806 761 2896 Hostem
815 2805 1200 2908 adversum·
1229 2806 1629 2908 opprimere
1662 2859 1688 2898 ‚
1740 2804 2021 2896 strenuo
2059 2805 2336 2884 homini

373 2929 563 3008 haud
569 2931 873 3036 φῶςὶῙε
913 2927 1063 3002 est.
1110 2909 1391 3002 occulta
1428 2925 1757 3024 pericula
1799 2953 2026 3032 neq-ue
2056 2926 2336 3024 facere,

379 3078 611 3166 neeffle
674 3054 898 3127 vitare
969 3052 1173 3128 bonis
1241 3053 1314 3125 in
1376 3070 1665 3150 promtu
1705 3049 1823 3125 est.
1859 3053 2162 3189 Igitur,
2213 3045 2335 3150 ubi

378 3196 546 3252 eos
565 3177 643 3252 in
709 3175 1068 3250 civitatem
1135 3175 1613 3307 adduxeris*
1565 3203 1589 3263 ;
1660 3174 2007 3280 quoniam
2052 3175 2337 3276 quidem

377 3315 715 3370 revocata
769 3297 1003 3394 plebes
1047 3273 1240 3387 erit⁰‚
1295 3298 1370 3370 in
1414 3323 1523 3370 ea
1538 3323 1614 3370 re
1657 3323 1981 3372 maxume
2028 3298 2339 3372 animum

376 3417 821 3508 exercitato,
870 3419 974 3490 uti
1032 3420 1365 3494 colantur
1412 3418 1584 3492 boni
1632 3443 1914 3505 mores;
1945 3420 2343 3504 concordia,

378 3539 563 3640 inter
613 3533 890 3615 ¹veteres
934 3558 1003 3613 et
1046 3566 1281 3620 novos
1327 3541 1696 3640 poalescat.
1750 3543 1889 3628 Sed,
1926 3544 2156 3630 multo
2188 3571 2338 3636 ma·-

263 3689 270 3699 ’
379 3687 672 3742 xumum
731 3663 1000 3737 bonum
1053 3665 1362 3762 patriae,
1423 3665 1693 3742 civibus
1715 3720 1742 3757 ,
1808 3659 1999 3760 tihi,
2049 3643 2281 3741 liberis
2300 3720 2335 3768 ,

299 3839 310 3844 ψ
379 3783 738 3890 postremo
792 3769 1135 3896 humanae
1192 3789 1387 3892 genti
1441 3789 1868 3896 pepereris»,
1844 3790 1972 3962 Tfi
2034 3787 2345 3869 studium

1946 3913 1994 3985 4

2298 2633 2329 2668 D
