2787 4602
1831 222 1844 253 s

2106 334 2197 394 xl

281 508 409 583 que
457 486 750 557 maxima
787 506 944 581 pars
991 481 1451 555 multitudinis
1487 478 1746 554 infensa
1781 506 1926 554 non
1971 477 2198 554 solum

281 584 523 656 Miloni
558 636 581 674 ‚
628 581 744 655 sed
788 582 910 680 ipfi
977 583 1183 653 etiam
1219 636 1242 668 ‚
1290 598 1577 677 propter
1617 578 1914 654 invisum
1958 600 2198 677 patro-

249 683 576 771 cinium,
613 679 961 753 Ciceroni.
1008 678 1250 756 Postea
1279 698 1509 751 tamen
1549 703 1707 752 cum
1747 679 1832 750 de
1878 675 2200 751 accusan-

275 779 345 848 di
420 779 647 851 studio
704 780 1003 851 multum
1057 775 1401 850 remififfet
1461 779 1815 880 Sallustius
1848 830 1870 866 ,
1931 776 2003 854 in
2056 771 2222 846 sus-'

262 877 555 971 ‘picione
614 875 750 949 fuit
793 878 867 948 in
920 878 1202 974 gratiam
1274 872 1540 947 rediiffe
1593 898 1753 947 cum
1794 875 2062 948 Milone
2121 875 2201 944 &

277 974 638 1048 Cicerone.

370 1070 850 1163 Crediderim,
883 1070 1063 1147 hisce
1095 1072 1528 1168 temporibus
1567 1126 1591 1161 ,
1637 1068 1955 1168 scriptam
2007 1066 2200 1142 fuiffe

279 1169 648 1244 Historiam
683 1172 1122 1259 Catilinariae
1165 1169 1668 1242 coniurationis
1700 1197 1723 1254 ;
1777 1194 1936 1242 cum
1968 1170 2202 1241 Sallu-

274 1270 428 1365 fiius
462 1323 487 1359 ,
524 1270 762 1342 exacto
794 1270 1220 1342 Tribunatus
1274 1266 1594 1365 te‘mpore
1623 1318 1646 1356 ‚
1690 1269 1998 1362 privatus
2045 1289 2207 1361 age-

277 1385 419 1455 ret,
462 1392 590 1440 nec
647 1368 975 1440 Ciceroni
1032 1364 1193 1440 effet
1248 1364 1607 1452 infensus;
1668 1390 1816 1437 rem
1869 1364 2051 1436 enim
2108 1364 2206 1434 ita

276 1483 504 1536 narrat
532 1474 577 1557 ,,’
615 1483 696 1538 ut
771 1492 852 1539 ea
910 1466 1081 1538 lecta
1137 1462 1437 1537 Historia
1479 1518 1503 1553 ,
1572 1489 1785 1539 nemo
1833 1487 1981 1537 non
2058 1462 2203 1533 aaa

276 1562 632 1636 Ciceronis
696 1563 779 1638 fit
838 1565 1275 1661 probaturus,
1351 1566 1558 1635 Forte
1620 1564 1698 1635 ὃ(
1777 1560 2039 1635 bellum
2090 1560 2204 1632 Iu-

273 1661 677 1754 gurthinum
700 1717 730 1752 ,
783 1664 861 1734 ὃ(
914 1663 1144 1736 civilia
1173 1715 1195 1750 ,
1244 1687 1422 1760 quae
1478 1661 1549 1732 id
1597 1659 1736 1733 inse
1815 1678 1959 1733 tuta
2000 1658 2202 1746 sunt,

274 1757 546 1852 aliaque
602 1783 764 1830 cum
823 1761 905 1830 iis
963 1784 1275 1831 connexa
1312 1812 1334 1849 ‚
1398 1760 1647 1830 eodem
1712 1761 1759 1831 il
1789 1782 1858 1831 o·
1883 1749 2224 1854 tempore'

279 1853 678 1950 conscripsit
703 1908 727 1944 ‚
785 1872 903 1926 aut
959 1857 1313 1952 aliquanto
1375 1855 1733 1952 posterius,
1791 1858 1999 1929 Certe
2057 1852 2205 1926 non

283 1947 445 2021 sunt
491 1977 569 2024 ea
619 1950 865 2049 scripta
915 1952 1214 2025 hominis
1247 1951 1741 2044 adolescenti8‚
1780 1953 2205 2051 testaturque

271 2044 417 2141 ipse
447 2102 473 2138 ‚
532 2049 735 2122 initio
805 2051 1305 2124 coniurationis
1369 2053 1809 2126 Catilinariae
1842 2109 1864 2145 ‚
1929 2051 1996 2124 se
2049 2070 2205 2125 tum

273 2145 556 2220 demum
595 2147 964 2222 Historiam
1013 2147 1390 2247 aggress‘um
1426 2149 1718 2224 scribere
1746 2207 1769 2241 ‚
1813 2170 1833 2203 ¹
1903 2153 2014 2219 ubi
2054 2153 2206 2221 ani-

275 2269 418 2316 mus
479 2274 564 2317 ex
610 2252 833 2319 multis
895 2250 1162 2344 mifiriis
1225 2271 1417 2344 atque
1464 2252 1773 2343 periculis
1831 2252 2138 2346 requievit
2174 2308 2202 2341 ,

277 2338 345 2412 G·
380 2344 519 2442 fibi
554 2349 863 2441 reliquam
898 2372 1167 2419 aetatem
1217 2374 1262 2416 a
1310 2350 1667 2441 Republica
1705 2355 1944 2444 procul
1974 2351 2205 2419 haben-

275 2444 423 2510 dam
457 2445 727 2514 decrevit
754 2472 784 2528 ,-
844 2446 1040 2541 quod
1077 2445 1200 2516 vix
1241 2461 1401 2515 ante
1450 2446 1954 2535 Tribunatum,
1990 2469 2202 2541 quem

274 2561 457 2615 anno
499 2540 740 2611 aetatis
796 2541 956 2612 XLI
985 2539 1173 2636 geffit
1210 2592 1233 2626 ‚
1287 2539 1439 2610 fieri
1493 2545 1750 2635 potuit.
1792 2545 1979 2616 Tum
2023 2556 2203 2613 vero

274 2632 509 2713 statuit
549 2664 645 2708 res
679 2640 884 2741 gestas
936 2640 1185 2731 Populi
1224 2640 1517 2708 Romani
1558 2638 1894 2736 carptim(
1918 2639 2007 2711 fic
2060 2636 2206 2734 ipse

272 2731 665 2834 loquitur)
736 2760 811 2807 ut
863 2763 1146 2830 quaeque
1220 2739 1520 2806 memoria
1577 2741 1777 2834 digna
1848 2741 2211 2811 viderentur

266 2834 637 2928 perscribere
677 2861 707 2923 ;
757 2860 826 2907 eo
848 2838 1074 2929 *magis
1110 2838 1287 2930 quod
1334 2839 1391 2906 ei
1443 2863 1487 2908 a
1520 2837 1641 2933 spe
1668 2892 1693 2925 ,
1738 2862 1906 2909 metu
1932 2893 1958 2926 ,
1987 2840 2205 2930 parti-

273 2931 390 3000 hus
421 2933 847 3028 Reipublicae
880 2936 1139 3003 animus
1178 2936 1336 3004 liber
1370 2958 1525 3007 erat.
1571 2936 1758 3008 Haec
1797 2934 1952 3010 sunt
1988 2935 2206 3011 verba

273 3024 583 3102 hominis
636 3025 942 3105 honores
1002 3029 1234 3108 nullos
1299 3032 1589 3143 amplius
1649 3031 1976 3134 sperantis
2012 3088 2036 3127 ,
2083 3053 2205 3108 aut

274 3144 461 3199 certe
531 3126 987 3216 ambitionem
1041 3128 1310 3227 egregie
1371 3128 1861 3206 diffimulantis.
1927 3134 2020 3205 At
2076 3158 2205 3204 nec

273 3241 431 3300 ante
485 3224 926 3298 dissimularat
977 3225 1331 3317 honorum
1384 3229 1873 3325 cupiditatem3
1902 3256 2028 3302 nec
2074 3255 2206 3325 po-

273 3319 404 3393 stea
425 3378 449 3414 ‚
481 3346 719 3402 rerum
760 3325 1076 3423 potiente
1110 3322 1398 3398 Caesare
1425 3379 1449 3418 ‚
1495 3351 1740 3401 eorum
1774 3346 2207 3403 contemtum

276 3441 437 3519 prae
461 3419 531 3493 se
565 3420 749 3496 tulit.
1000 3515 1003 3518 Δ

371 3521 614 3617 Itaque
652 3536 812 3594 ante
849 3520 1081 3592 omnia
1111 3520 1584 3593 Catilinariam
1619 3524 2208 3612 coniurationem,

276 3638 456 3718 quae
504 3617 1107 3718 contigeratanno
1148 3620 1293 3696 eius
1330 3620 1519 3702 vitae
1564 3647 1875 3724 xxxstac
1914 3622 2209 3723 proinde

328 3801 386 3880 ’.ι
429 3810 576 3904 Cap.
618 3834 671 3893 3.
733 3823 785 3866 ⁸.
