2787 4602
881 360 1768 456 IUGURTHA}
2161 399 2299 473 147

353 524 654 640 potuere
684 593 706 634 ,
754 542 959 640 pauci
997 543 1291 639 integri,
1346 566 1593 638 magna
1622 561 1777 638 pars
1808 535 2297 615 confefflv'ol-

330 663 636 738 neribus
667 665 945 738 abeunt.
990 686 1011 717 ¹
1046 666 1375 764 Denique
1405 665 1757 764 utrimque
1789 665 2125 761 praelium
2153 690 2298 737 nox
2372 667 2392 696 ‘⁴

356 787 658 858 diremit.
678 787 1000 859 Metellus
1014 841 1036 876 ,
1057 786 1419 886 postquam
1440 787 1634 860 videt
1648 783 1889 858 frustra
1907 786 2261 883 inceptum
2275 814 2295 872 ;
2324 787 2369 858 6
2383 812 2415 863 1

359 932 588 1007 neque
617 910 953 1006 oppidum
977 911 1126 1008 capi
1148 963 1171 1003 ,
1202 894 1428 1009 neque
1447 909 1845 1007 Iugurtham
1867 963 1889 998 ‚
1910 907 2030 980 nifi
2050 934 2136 981 ex
2153 908 2304 981 infi-

358 1032 541 1121 diis,
562 1050 680 1103 aut
706 1030 829 1104 suo
852 1033 1012 1110 loco
1054 1057 1354 1131 pugnam
1397 1033 1619 1106 facere
1649 1086 1673 1123 ‚
1720 1049 1789 1104 et
1816 1030 1954 1103 iam
1980 1027 2329 1104 aestatem·

361 1152 669 1225 exaftam
699 1152 834 1225 effe
858 1208 881 1243 ‚
908 1154 993 1226 ab
1025 1155 1227 1226 Zama
1262 1153 1579 1227 discedit:
1622 1173 1692 1226 et
1725 1154 1798 1228 in
1822 1151 1927 1225 his
1968 1151 2254 1226 urbibus
2277 1208 2304 1244 ‚

361 1299 545 1372 quae
565 1293 592 1327 ²
635 1301 674 1348 a
691 1299 851 1373 rege
870 1275 1290 1365 defecerant,
1311 1273 1602 1373 satisque
1623 1271 1926 1347 munitae
1946 1273 2111 1345 loco
2133 1326 2155 1364 ,
2177 1268 2300 1346 aut

256 1480 261 1486 ,
364 1400 733 1474 moenibus
768 1415 1005 1488 erant,
1040 1397 1369 1495 praesidia
1389 1395 1710 1493 imponit.
1736 1395 2068 1468 Ceterum
2099 1388 2311 1467 exer-4

363 1521 586 1593 citum
625 1520 698 1592 in
746 1518 1182 1617 provinciam
1212 1573 1235 1609 ,
1274 1538 1294 1582 ³
1341 1544 1481 1618 qua
1528 1540 1870 1615 proxuma
1921 1515 2017 1589 est
2049 1518 2306 1590 Numi·-

343 1644 520 1716 diae
552 1643 899 1716 hiemandi
948 1644 1164 1739 gratia
1203 1642 1529 1715 collocat.
1570 1641 1818 1740 Neque
1866 1640 1940 1714 id
1973 1660 2297 1739 tempusx,
2373 1689 2378 1694 -

367 1786 460 1836 ex
484 1762 789 1836 aliorum
822 1771 1019 1834 more
1050 1817 1073 1850 ,
1114 1763 1333 1859 quieti
1373 1780 1496 1834 aut
1551 1763 1861 1834 luxuriae
1916 1761 2240 1844 concedit
2286 1785 2311 1830 ε

339 1884 532 1977 sed,
569 1886 905 1985 quoniam
973 1885 1176 1956 armis
1245 1885 1508 1957 bellum
1543 1907 1788 1980 parum
1833 1881 2261 1980 procedebat
2286 1936 2317 1974 ‚

369 2006 639 2082 infidias
708 2005 852 2104 regi
917 2032 1043 2103 per
1090 2009 1349 2079 amicos
1391 2007 1677 2077 tendere
1699 2060 1721 2095 ,
1767 2022 1838 2078 et
1879 2028 2126 2107 eorum
2163 2029 2314 2101 per-

372 2128 533 2201 fidia
572 2151 704 2226 pro
736 2130 943 2203 armis
981 2129 1087 2201 uti
1147 2145 1363 2225 parat.
1406 2123 1620 2225 Igitur
1656 2128 2116 2200 Bomilcarem
2136 2183 2158 2217 ‚
2190 2124 2315 2226 qui

371 2249 641 2324 Romae
668 2272 828 2322 cum
851 2249 1177 2347 Iugurtha
1200 2249 1451 2340 fuerat,
1476 2266 1544 2322 et
1571 2250 2068 2341 inde,’vadibus
2093 2252 2311 2343 datis,

372 2369 555 2442 clam
572 2367 894 2443 Maffivae
910 2370 999 2441 de
1029 2394 1195 2440 nece
1217 2370 1855 2468 iudiciumfugerat‚
1879 2376 2076 2472 quod
2104 2375 2168 2446 ei
2188 2398 2316 2471 per

372 2514 770 2564 maxumam
804 2491 1176 2563 amicitiam
1210 2512 1530 2561 maxuma
1568 2493 1778 2587 copia
1806 2492 2086 2565 fallendi
2132 2512 2317 2586 erat,

353 2614 615 2688 multis
633 2612 1253 2711 pollicitationibus
1269 2611 1704 2709 adgreditur3
1725 2638 1805 2685 ac
1829 2615 2057 2710 primo
2081 2612 2318 2707 efficit,

380 2736 484 2810 uti
527 2737 615 2809 ad
636 2735 703 2808 se
731 2732 1187 2833 colloquendi
1226 2734 1441 2831 gratia
1472 2735 1792 2808 occultus
1832 2738 2069 2810 veniat
2106 2737 2327 2831 :dein

356 2854 519 2932 fide
589 2858 746 2930 data
786 2908 812 2949 ,
864 2855 919 2928 fi
993 2856 1395 2953 Iugurtham
1482 2857 1730 2931 vivum
1798 2875 1919 2933 aut
1989 2879 2318 2936 necatum

377 2978 795 3071 tradidisset,
832 2976 985 3073 fore
1005 3029 1030 3068 ‚
1071 2996 1152 3050 ut
1190 2979 1292 3064 illi
1337 2979 1624 3051 Senatus
1669 2979 2151 3076 impunitatem
2174 3037 2199 3074 ,
2245 3001 2318 3056 et

383 3099 506 3172 sua
536 3102 770 3173 omnia
813 3099 1270 3193 concederet,
1300 3100 1500 3174 facile
1540 3104 1880 3176 Numidae
1911 3103 2319 3201 persuadet,

383 3239 551 3329 cum
601 3223 884 3322 ingenio
934 3223 1152 3297 infido
1172 3278 1196 3316 ,
1263 3243 1417 3298 tum
1479 3229 1866 3318 metuenti,
1905 3252 1992 3300 ne
2014 3279 2038 3319 ,
2077 3226 2129 3299 fi
2179 3249 2321 3324 pax

478 3439 504 3481 ι
551 3414 821 3481 Sic‘Ald.
857 3415 1090 3503 aliiquess
1115 3415 1326 3505 vulga
1423 3417 1597 3485 Cott-

386 3526 589 3588 ¹deinde.
1005 3520 1008 3524 ’
1477 3547 1504 3605 3
1553 3518 1735 3610 Vulg.
1761 3543 1912 3608 quae.
1940 3522 2157 3593 Lenius
2177 3546 2317 3591 cot-

457 3653 490 3689 2
513 3631 611 3691 Sic
635 3629 774 3691 ΑΜ.
810 3638 867 3691 &
905 3626 981 3690 al.
1016 3626 1195 3713 Vulg.
1225 3631 1292 3691 ab
1413 3630 1653 3714 figimus
1675 3678 1692 3706 ‚
1728 3648 1804 3693 ne
1840 3634 2041 3714 inepta
2068 3629 2320 3696 videam:

379 3738 478 3821 [ἐς
517 3733 686 3795 male.
707 3734 807 3795 Al.
825 3736 967 3818 ads&
991 3734 1066 3795 sc.
1082 3731 1296 3796 Metel-
1416 3733 1614 3825 glossa.
1937 3721 1945 3727 .

393 3841 517 3906 lum
544 3887 563 3916 ‚
618 3840 778 3927 quod
831 3861 944 3904 tec.
998 3839 1188 3926 Crisp.
1243 3845 1303 3914 ὃς

1847 3925 1985 4036 K*
