2787 4602
497 348 585 406 ιο
1052 332 1876 413 SALL'USTII

484 499 834 599 ingentem
854 549 878 588 ‚
913 493 1188 569 divitias
1234 513 1263 555 ¹—
1293 494 1612 573 honestas
1645 499 2002 577 volebant.
2023 506 2416 582 Memorare
2475 532 2478 535 ·

420 653 425 656 ·
482 612 795 713 possem,
868 611 1116 711 quibus
1179 612 1252 684 in
1302 613 1475 687 locis
1526 638 1878 690 maxumas
1933 616 2235 691 hostium
2290 644 2419 694 co-

481 736 626 833 pias
657 735 965 836 populus
987 736 1343 808 Romanus
1388 761 1604 832 parva
1647 760 1855 810 manu
1894 736 2148 812 fuderit
2170 794 2193 830 ‚
2246 755 2418 839 quas

481 853 672 928 urbis
698 907 723 945 ,
766 872 1010 930 natura
1059 856 1355 958 munitas
1379 908 1404 945 ‚
1456 859 1833 955 pugnando
1878 862 2182 960 ceperit;
2228 863 2297 935 ni
2333 887 2420 937 ea

419 973 589 1050 διες
654 974 928 1073 longius
989 975 1075 1047 ab
1124 976 1410 1074 incepto
1459 980 1788 1057 traheret.
1903 983 2038 1057 Sed
2098 983 2418 1081 profecto

481 1096 768 1171 fortuna
821 1097 897 1171 in
954 1097 1148 1170 omni
1207 1123 1282 1171 re
1343 1099 1795 1175 dominatur:
1862 1128 1943 1176 ea
1992 1131 2101 1179 res
2143 1105 2418 1181 cunstas

480 1246 568 1296 ex
624 1219 933 1296 lubidine
978 1220 1190 1320 magis
1216 1276 1240 1312 ‚
1296 1249 1506 1321 quam
1561 1249 1648 1297 ex
1693 1250 1872 1300 vero
1920 1225 2223 1301 celebrat
2255 1224 2418 1300 obs-

480 1361 836 1443 curatque.
924 1342 1443 1419 Athenienfium
1519 1370 1628 1419 res
1690 1344 1948 1442 gestae,
2016 1348 2212 1421 ficuti
2279 1374 2416 1448 ego

480 1466 786 1542 aestumo
814 1520 837 1555 ‚
866 1456 1034 1540 'satis
1083 1465 1347 1563 amplae
1392 1466 1936 1568 magnificaeque
1986 1468 2187 1543 fixere
2224 1494 2249 1555 3
2286 1496 2416 1544 ve-

479 1614 637 1663 rum
701 1588 1059 1687 aliquanto
1121 1587 1426 1661 minores
1483 1605 1717 1662 tamen
1738 1643 1761 1679 ‚
1826 1614 2040 1690 quam
2085 1587 2267 1663 fama
2304 1588 2414 1663 fe·-

480 1728 748 1787 runtur.
792 1710 925 1785 Sed
962 1710 1125 1809 quia
1161 1733 1551 1806 provenere
1590 1709 1687 1782 ibi
1726 1708 2145 1810 scriptorum
2172 1735 2422 1811 magna

480 1833 751 1932 ingenia
771 1886 794 1923 ,
841 1856 967 1927 per
1010 1847 1350 1904 terrarum
1400 1831 1648 1906 orbem
1696 1831 2216 1908 Atheniensium
2245 1832 2419 1911 faita

481 1982 614 2058 pro
660 1956 996 2029 maxumis
1040 1954 1499 2028 celebrantur.
1575 1958 1677 2027 Ita
1722 1979 1970 2026 eorum
1996 2008 2020 2044 ‚
2070 1956 2192 2054 qui
2231 1954 2420 2029 sece-

482 2059 560 2157 re
586 2129 610 2165 ,
663 2075 886 2151 virtus
942 2090 1132 2147 tanta
1188 2072 1483 2146 habetur
1504 2126 1528 2162 ,
1589 2090 1930 2172 quantum
1988 2073 2416 2149 verbis'eam

486 2213 783 2296 potuere
845 2194 1182 2273 extollere
1236 2193 1588 2296 praeclara
1639 2194 1933 2292 ingenia.
2010 2195 2104 2266 At
2145 2194 2419 2295 populo
2544 2188 2552 2202 ⁸

488 2322 813 2397 Romano
854 2345 1232 2419 numquam
1288 2330 1373 2400 ea'
1413 2321 1619 2428 copia
1663 2319 1795 2395 fuit
1828 2346 1846 2392 ε
1904 2319 2069 2420 quia'
2111 2319 2418 2417 pruden-

488 2441 770 2517 tiffimus
817 2442 1111 2544 quisque
1150 2440 1552 2541 negotiosus
1605 2467 1924 2523 maxume
1974 2458 2144 2522 erat.
2224 2441 2421 2540 inge-

489 2564 681 2639 nium
736 2589 948 2639 nemo
1006 2562 1145 2639 sine
1223 2588 1527 2662 corpore
1596 2563 1959 2640 exercebat
2015 2593 2034 2638 ε
2088 2579 2425 2662 optumus

489 2683 778 2788 quisque
838 2685 1063 2763 facere
1090 2740 1114 2778 ,
1173 2712 1383 2786 quam
1425 2688 1721 2774 -dicere;
1761 2677 1878 2759 sua
1913 2686 2001 2759 ab
2044 2684 2193 2758 aliis
2241 2681 2424 2757 bene

491 2807 662 2884 faita
696 2808 958 2882 laudari
972 2862 996 2898 ‚
1031 2835 1239 2907 quam
1276 2806 1419 2904 ipse
1455 2809 1753 2890 aliorum
1790 2829 2062 2883 narrare
2100 2791 2423 2902 malebat}-

283 2937 287 2943 '
413 2952 462 3028 9
495 2929 709 3029 Igitur
755 2928 949 3012 domi
997 2929 1420 3026 militiaeque
1473 2926 1645 3000 boni
1702 2953 1933 3002 mores
1988 2925 2423 3012 colebantun'

492 3051 875 3132 eoncordia
927 3074 1246 3123 maxuma
1277 3102 1302 3140 ,
1343 3048 1653 3124 minuma
1685 3049 1971 3124 avaritia
2011 3064 2157 3122 erat
2198 3073 2217 3119 τ
2258 3058 2286 3095 ⁸
2316 3046 2426 3124 ius

496 3172 903 3275 bonumque
965 3172 1154 3269 apud
1202 3159 1333 3245 eosx
1386 3193 1533 3243 non
1588 3168 1852 3268 legibus
1896 3171 2108 3271 magis
2134 3223 2158 3260 ,
2214 3193 2423 3270 quam

498 3312 744 3378 natura
767 3293 1065 3378 valebat.
1103 3292 1325 3392 Iurgia
1347 3345 1373 3383 ,
1405 3288 1777 3374 discordias
1797 3345 1821 3382 ,
1850 3291 2222 3372 fimultates
2261 3314 2424 3370 cum

500 3415 809 3493 hostibus
867 3416 1279 3502 exercebant
1315 3442 1336 3490 τ
1367 3415 1560 3493 cives
1594 3439 1754 3487 cum
1810 3416 2075 3498 civibus
2131 3416 2218 3496 de
2277 3413 2429 3486 vir-

588 3615 616 3659 1
654 3592 839 3675 Quae
861 3594 1195 3665 sufficerent
1223 3590 1412 3666 reifa·
1596 3611 1632 3654 2
1659 3592 1791 3667 Ius,
1835 3595 1998 3677 quod
2017 3610 2266 3663 verum,
2297 3608 2423 3660 reor
2507 3633 2514 3643 -

499 3698 744 3782 miliari,
767 3720 844 3774 ne
871 3700 1272 3792 turpealiquid
1288 3701 1416 3793 pati
1517 3712 1645 3774 tum
1711 3697 1778 3763 δι
1847 3717 2148 3781 aequum;
2192 3699 2424 3770 bonum,

500 3820 875 3894 cogerentur
1520 3803 1686 3892 quod
1718 3803 1862 3870 utile
1884 3803 2040 3894 reip.
