2787 4602
491 413 595 483 74
807 416 814 425 ·
1013 385 1886 460 SALLUSTII

496 550 687 645 suam
744 549 1037 649 quisque
1083 547 1357 643 culpam
1410 546 1724 618 aussores
1761 546 1847 618 ad
1888 539 2169 642 negotia
2204 558 2438 617 trans-⁴

496 670 753 743 ferunt.
805 668 1075 765 Quodsi
1109 667 1510 743 hominibus
1567 667 1909 739 bonarum
1965 691 2195 745 rerum
2236 683 2433 739 tanta

497 819 665 865 cura
704 791 869 863 effet
901 846 924 880 ‚
978 808 1242 889 quanto
1289 788 1515 862 :studio
1572 789 1795 864 aliena
1838 815 1918 864 ac
1972 786 2143 858 nihil
2184 786 2437 883 profu-

495 932 654 986 tura
680 967 704 1002 ,
757 912 1196 1010 multumque
1253 911 1461 989 etiam
1513 909 1899 1009 periculosa
1938 927 2244 1006 petunt;
2299 933 2435 979 ne·
2489 948 2493 953 ⁷

400 1012 410 1023 ’
493 1061 633 1134 que
688 1053 1091 1136 regerentur
1142 1033 1355 1130 magis
1383 1087 1408 1124 ,
1456 1058 1665 1133 quam
1709 1052 2026 1130 regerent
2075 1031 2307 1139 caspS,
2357 1048 2440 1107 et.

493 1182 584 1229 eo
639 1156 1124 1253 magnitudinis
1186 1155 1651 1257 procederent
1677 1210 1702 1245 ‚
1763 1154 1884 1227 ubi
1934 1152 2087 1259 pr<3m
2110 1152 2429 1225 mortali·-

425 1292 475 1353 ,θ-
494 1280 623 1353 bus
662 1280 884 1377 gloria
921 1259 1185 1351 aeterui
1228 1275 1499 1355 fierent.
1561 1278 1741 1349 Nam
1783 1277 1889 1349 uti
1935 1301 2149 1374 genus
2198 1274 2431 1347 homi-

492 1417 664 1473 num
707 1400 1172 1497 compofitum
1229 1424 1315 1471 ex
1356 1399 1590 1493 anima
1638 1417 1708 1472 et
1750 1423 2049 1495 corpore
2104 1425 2121 1469 ε
2183 1397 2279 1468 ita
2320 1421 2430 1469 res

489 1523 772 1594 cunetae
824 1521 1203 1619 ‘studiaque
1266 1521 1503 1593 omnia
1570 1519 1802 1593 nostra
1858 1522 2187 1616 'corporis
2245 1518 2375 1591 alia
2400 1550 2427 1586 9

489 1643 620 1715 alia
675 1642 886 1715 animi
939 1659 1253 1714 naturam
1308 1639 1712 1741 sequuntur.
1802 1644 2016 1742 Igitur
2072 1642 2423 1739 praeclara

489 1762 697 1835 facies
721 1816 745 1851 ‚
782 1787 1067 1860 magnae
1101 1762 1386 1836 divitiae
1411 1818 1435 1855 ,
1472 1765 1560 1843 ad
1594 1765 1870 1843 hoc'vis
1903 1766 2220 1863 corporis
2240 1816 2262 1853 ‚
2297 1763 2431 1843 alia

486 1884 969 1959 huiuscemodi
1015 1885 1251 1963 omnia
1296 1884 1498 1965 brevi
1553 1885 1999 1973 dilabuntur3
2058 1904 2129 1963 at
2169 1886 2428 1984 ingenii

489 2008 762 2110 egregia
807 2006 1153 2093 facinora,
1210 2004 1409 2076 sicuti
1461 2006 1733 2094 anima,
1777 2006 2197 2080 immortalia
2244 2007 2427 2087 sunt.

487 2127 847 2200 Postremo
893 2127 1210 2224 corporis
1246 2127 1325 2197 &
1374 2124 1695 2204 fortunae
1731 2126 2123 2221 bonorum,
2160 2146 2240 2205 ut
2304 2127 2429 2205 ini-

487 2251 708 2341 tium,
746 2248 899 2324 finis
936 2247 1032 2328 est
1066 2273 1085 2317 ε
1133 2247 1372 2328 omnia
1406 2266 1561 2321 orta
1600 2250 1933 2324 occidunt
1985 2270 2058 2352 et
2097 2251 2292 2328 auita
2315 2248 2426 2328 se-

485 2371 829 2459 nescunt3
887 2355 1157 2450 animus
1211 2371 1658 2468 incorruptus
1679 2425 1701 2460 ‚
1764 2389 2082 2447 aeternus
2109 2427 2134 2465 ,
2197 2373 2427 2450 testor

485 2496 770 2566 humani
827 2494 1136 2592 generis,
1172 2493 1314 2591 agit
1347 2510 1557 2592 atque
1607 2493 1816 2567 habet
1868 2496 2158 2588 cuneta,
2195 2518 2424 2592 neque

485 2615 629 2713 ipse
672 2616 989 2689 habetur.
1019 2617 1212 2728 ‘Quo
1269 2616 1485 2713 magis
1536 2618 1857 2712 pravitas]
1892 2643 2139 2689 eorum
2203 2605 2462 2687 admi-⁸

367 2771 373 2782 ‚
486 2738 700 2809 randa
756 2727 887 2826 est,
923 2737 1086 2835 qui,
1147 2737 1361 2814 dediti
1406 2737 1723 2836 corporis
1785 2738 2261 2834 gaudiiSLPer
2309 2737 2425 2805 lu-

485 2885 656 2931 xum
691 2876 900 2959 atque
935 2859 1278 2956 ignaviam
1318 2876 1615 2936 aetatem
1661 2879 1873 2956 agunt
1913 2887 1931 2929 ε
1967 2876 2273 2935 ceterum
2315 2857 2423 2927 in·-

491 2984 770 3077 g‘enium
795 3034 817 3068 ,
855 3006 1003 3078 quo
1029 3004 1255 3077 neque
1300 2979 1543 3052 melius
1573 3032 1595 3068 ,
1646 3005 1872 3076 neque
1919 2978 2209 3075 amplius
2236 2979 2425 3059 aliud

488 3104 562 3174 in
610 3119 855 3173 natura
901 3100 1300 3179 mortalium
1344 3099 1441 3173 est
1469 3155 1491 3190 ‚
1537 3100 1804 3180 incultu
1849 3118 2057 3200 atque
2113 3099 2425 3183 secordia

416 3245 420 3250 ·
490 3221 883 3320 torpescere
926 3222 1201 3294 sinunt:
1256 3247 1473 3320 quum
1525 3209 1945 3319 praesertim·
1970 3241 2112 3297 tam
2162 3218 2424 3298 multae

487 3347 861 3443 variaeque
912 3343 1041 3417 smt
1094 3361 1275 3416 artes
1318 3344 1576 3436 animi,
1619 3324 1870 3443 quibus
1913 3345 2173 3419 summa
2219 3349 2421 3422 clari-

328 3451 335 3461 *
417 3507 456 3580 3
492 3468 668 3545 tudo
700 3484 1000 3563 paratur.
1059 3469 1328 3548 Verum
1367 3492 1455 3538 ex
1487 3467 1594 3538 his
1634 3459 2167 3565 magistratus'et
2195 3471 2421 3565 impe-

493 3591 596 3661 ria
622 3640 645 3677 ,
706 3590 1061 3685 postremo
1095 3591 1352 3678 ⁴omnis
1413 3615 1579 3684 cura
1639 3615 1871 3662 rerum
1929 3591 2366 3688 publicarum
2394 3644 2421 3680 ‚
2496 3619 2499 3626 ·

463 3713 798 3818 ‘minume
832 3712 1003 3782 mihi
1036 3711 1164 3784 hac
1202 3711 1602 3809 tempestate
1641 3714 1988 3809 cupiunda
2039 3714 2421 3786 videntur:

491 3833 827 3933 quoniam
866 3858 1095 3932 neque
1140 3834 1391 3912 virtuti
1434 3834 1664 3912 honos
1708 3837 1962 3942 daturj
2002 3860 2228 3938 neque
2263 3834 2364 3907 illi
2391 3887 2419 3929 ,
