2787 4602
900 332 1773 457 iuGuRTHm
2172 338 2316 449 κώ

342 498 345 503 .
376 498 797 626 quamquam
813 496 818 501 .
836 519 1074 620 gravia
1119 535 1191 590 et
1212 514 1453 616 flagitii
1481 514 1687 615 plena
1731 528 1929 588 erant
1952 506 1989 584 ἐ
2022 530 2256 587 tamen
2289 566 2317 607 ,

375 648 540 746 quia
562 643 808 723 mortis
825 660 1020 727 metu
1062 656 1082 688 ¹
1115 637 1539 741 urgebantur
1559 693 1582 729 ‚
1599 634 1798 709 ficuti
1819 637 1964 735 regi
1989 637 2322 728 libuerat,

375 791 515 865 pax
564 755 923 838 conuenit.
965 762 1099 838 Sed
1142 762 1265 835 ubi
1317 787 1399 838 ea
1430 763 1700 837 Romae
1738 779 2101 856 comperta
2128 756 2323 849 sunt,
2360 784 2453 859 39

378 906 608 960 metus
657 903 866 984 atque
916 909 1205 957 moeror
1232 883 1593 957 civitatem
1631 878 1991 955 invasere:
2021 903 2176 976 pars
2202 878 2327 950 do-

379 1010 524 1081 lere
564 1032 696 1104 pro
743 986 1286 1103 gloria'imperii
1320 1027 1522 1101 :pars
1549 1001 1827 1076 insolita
1857 1025 2092 1077 rerum
2124 999 2328 1072 belli-
2366 1066 2369 1075 ,

385 1156 623 1204 carum
675 1129 920 1205 timere
964 1127 1268 1199 libertati
1329 1149 1347 1194 z
1400 1126 1590 1203 Aulo
1639 1147 1884 1201 omnes
1914 1122 2140 1203 infesti
2166 1177 2191 1215 ,
2248 1143 2371 1201 ac·

385 1276 748 1342 maxume,
796 1252 920 1350 qui
952 1250 1144 1324 bello
1171 1249 1373 1355 saepe
1404 1248 1739 1346 praeclari
1772 1245 2088 1335 fuerant3
2130 1246 2331 1345 quod

391 1393 696 1451 armatus
745 1373 1092 1463 dedecore
1129 1372 1367 1477 potius
1396 1425 1419 1461 ‚
1466 1394 1679 1468 quam
1732 1394 1984 1461 manu,
2045 1367 2372 1455 salutem,

389 1497 838 1596 quaefiyerat.
863 1493 982 1568 Ob
1026 1519 1106 1566 ea
1155 1490 1423 1566 Consul
1454 1490 1748 1565 Albinus
1790 1517 1876 1564 ex
1908 1492 2161 1571 deliEko
2197 1489 2365 1564 fra-'

395 1620 520 1693 tris
564 1619 897 1693 invidiam
921 1672 943 1708 ,
980 1643 1060 1693 ac
1101 1615 1349 1689 deinde
1378 1614 1769 1712 periculum
1798 1615 2047 1689 timens
2068 1669 2091 1708 ‚
2124 1617 2337 1689 Sena-

392 1760 544 1818 tum
581 1741 667 1814 de
688 1739 976 1817 foedere
1015 1735 1448 1817 consulebat,
1481 1755 1555 1809 et
1579 1753 1814 1810 tamen
1843 1738 2123 1814 interim
2144 1721 2345 1811 exer-

401 1861 574 1934 citui
633 1858 1190 1956 supplementum
1263 1854 1562 1935 scribere
1610 1880 1629 1928 z
1669 1858 1758 1935 ab
1814 1857 2015 1936 sociis
2067 1875 2139 1929 et
2206 1880 2361 1927 no·-

403 1983 587 2059 mine
620 1981 869 2053 Latino
896 1994 922 2032 ’ν
944 1978 1196 2055 auxilia
1222 1975 1553 2058 arceffere
1585 1979 1924 2077 :denique
1944 1979 2172 2053 modis
2192 2004 2350 2054 om·
2414 1968 2425 1984 ⁸

412 2103 612 2177 nibus
650 2101 988 2178 festinare.
1056 2101 1346 2173 Senatus
1404 2099 1500 2179 ita
1518 2155 1541 2192 ,
1575 2102 1705 2179 uti
1735 2127 1862 2200 par
1896 2102 2124 2178 fuerat
2143 2157 2168 2195 ,
2227 2105 2352 2178 de·-

396 2226 617 2306 cemit
639 2280 661 2317 ‚
704 2227 890 2298 suo
937 2225 1274 2318 ATQUE
1324 2226 1664 2299 popum
1704 2226 2066 2307 1N1Ussu
2118 2210 2352 2301 NUL-
2444 2220 2457 2232 ·

400 2349 606 2422 LUM
666 2346 1108 2422 POTUISSE
1170 2346 1544 2426 FOEDUS
1598 2351 1865 2426 FIERI.
1920 2348 2188 2423 Consul
2230 2351 2352 2423 im·

403 2469 682 2570 peditus
713 2493 754 2539 a
792 2466 1087 2543 tribunis
1129 2466 1349 2563 plebis
1376 2521 1401 2557 ,
1442 2494 1530 2546 ne
1542 2451 1578 2557 ’,Δ
1613 2493 1783 2566 quas
1831 2489 2197 2566 paraverat
2232 2497 2358 2545 00..

407 2592 580 2692 pias,
603 2586 837 2660 secum
875 2606 1216 2684 portaret,
1243 2589 1480 2685 paucis
1497 2590 1738 2662 diebus
1757 2591 1828 2662 in
1858 2572 2165 2668 Africam
2185 2615 2364 2687 pro-

403 2710 753 2792 ficiscitur.
793 2735 953 2802 nam
1006 2712 1234 2789 omnis
1285 2712 1629 2796 exercitus
1651 2767 1673 2803 ,
1727 2712 1835 2786 uti
1885 2732 2312 2788 convenerat
2334 2769 2361 2810 ,

412 2833 740 2909 Numidia
783 2832 1155 2923 dedu&us‚
1218 2833 1300 2924 in·
1325 2833 1692 2929 provincia
1740 2834 2108 2914 hiemabat.
2165 2835 2361 2911 Post-

406 2981 614 3054 quam
672 2973 760 3028 e‘o
817 2953 1017 3030 venit
1066 2978 1088 3033 ;
1147 2979 1569 3054 quamquam
1611 2955 1931 3058 persequi
1961 2958 2364 3057 Iugurtham

409 3101 626 3161 Tribus
678 3100 849 3168 hastis
892 3101 1070 3185 iugum
1094 3098 1197 3175 fit,
1225 3100 1335 3160 hu·-
1459 3104 1748 3184 praetulit.
1775 3105 1889 3165 Sed
1944 3123 2182 3189 uterque
2218 3103 2363 3165 illu-

413 3204 494 3268 mi
521 3203 642 3263 fixis
671 3203 903 3276 duabus,
917 3202 1197 3288 superque
1230 3226 1326 3272 eas
1455 3207 1538 3273 dit
1565 3209 1806 3268 audiori.
1834 3206 2117 3267 Nostrum
2147 3208 2365 3291 placuit

416 3306 732 3369 transversa
765 3328 880 3366 una
919 3308 1181 3391 deligata.
1387 3345 1388 3348 =
1450 3309 1758 3371 Glareano
1798 3319 1855 3371 δε
1894 3313 1973 3372 est
2003 3313 2070 3372 in
2100 3309 2308 3375 Vtatiss
2334 3312 2364 3373 1

504 3437 528 3474 1
566 3412 755 3474 codd.
785 3409 924 3475 Ald.
944 3422 998 3474 &
1022 3413 1095 3479 al.
1118 3415 1321 3476 mulsa-
1457 3437 1552 3503 ap.
1573 3414 1862 3478 Cortium.
2169 3395 2207 3434 s
2247 3496 2268 3504 ‚

375 3524 619 3588 „hautun
676 3516 750 3579 al.
807 3520 1192 3582 minitabantur.
1247 3518 1324 3583 al.
1518 3544 1549 3579 2
1580 3523 1728 3582 Socii
1766 3519 1892 3580 sunt
1947 3519 2166 3598 Italici,
2209 3542 2371 3590 extra

419 3627 766 3687 mutabantur.
859 3623 1111 3708 Aliquot
1152 3628 1376 3689 codd0‘
1450 3625 1686 3694 Latium
1761 3626 2062 3711 antiquum
2152 3627 2368 3711 positi:

420 3732 716 3807 nutabant,
795 3754 865 3792 ex
962 3754 1080 3818 quo
1187 3732 1326 3800 Pal-
1449 3735 1665 3798 Nomen
1706 3733 1958 3796 Latinum
1987 3732 2113 3796 sunt
2142 3733 2364 3810 Latini,
2372 3770 2379 3777 -1

422 3857 561 3904 met.
591 3839 862 3910 mutabant,
886 3884 903 3913 ,
942 3839 1102 3932 quod
1159 3836 1324 3906 Cort.

1848 3922 2173 4017 *H4v
