2787 4602
499 344 614 417 sm

488 485 693 559 cuius
766 483 953 559 testis
1029 483 1258 558 fuerat
1309 537 1335 576 ‚
1405 483 1697 561 scribere
1776 484 2100 561 undecim
2172 486 2451 575 circiter

488 580 648 679 post
700 584 896 657 annis
951 580 1289 682 aggressus
1334 581 1431 655 est
1464 638 1488 675 ,
1541 583 1588 656 fi
1651 584 1957 658 calculos
2015 586 2197 659 redte
2241 589 2447 685 poni-

488 706 665 755 mus·
737 681 924 755 Tum
995 682 1482 779 Iugurthinum
1534 682 1794 755 bellum
1833 736 1857 774 ,
1922 685 2119 782 quod
2164 685 2282 758 diu
2316 710 2444 756 an·-

491 795 565 851 te
595 804 806 877 quam
858 777 1252 856 nasceretur
1289 834 1314 870 ‚
1375 781 1454 852 ὃ(
1505 780 1712 853 civile
1742 835 1765 872 ,
1820 782 2013 879 quod
2072 807 2159 854 eo
2219 807 2448 880 puero

576 875 753 949 stum
801 875 939 964 est,
1006 875 1428 974 conscripsit.
1497 878 1706 951 Periit
1753 877 2180 978 postremum
2218 904 2444 979 opuS,

485 901 966 1073 {efragmenta
1012 975 1350 1074 quaedam
1374 975 1700 1073 'excipias
1734 1031 1758 1067 ‚
1819 1003 1997 1075 quae
2047 996 2280 1051 tamen
2339 976 2442 1052 sat

489 1073 718 1169 almpla
768 1073 857 1146 ad
917 1098 1049 1146 nos
1096 1091 1569 1171 pervenerunt
1601 1127 1625 1165 ,
1681 1092 1761 1148 ut
1812 1100 1898 1147 ex
1943 1076 2024 1149 iis
2055 1075 2445 1173 intelligere

480 1169 858 1267 poffimus,
897 1178 1060 1244 'non
1110 1172 1337 1246 minus
1383 1190 1702 1246 accurate
1726 1199 1805 1246 ac
1839 1190 2073 1247 cetera
2113 1172 2447 1271 perscripq

477 1287 639 1341 tum
706 1267 902 1343 fuiss'e
943 1288 991 1343 ¹.
1078 1271 1213 1342 Sed
1287 1272 1457 1344 mihi
1505 1271 1754 1343 videor
1796 1296 1883 1343 ex
1935 1271 2101 1344 loco
2152 1274 2442 1367 Ausbnii

479 1363 681 1462 pofl‘e
714 1367 1400 1465 colligeretempora
1421 1420 1444 1459 ‚
1487 1394 1794 1467 quorum
1830 1367 2202 1442 Historiam
2229 1370 2446 1467 scrip-
2479 1372 2482 1379 '

482 1464 661 1538 serat
716 1468 1056 1569 Sallustius
1100 1518 1124 1554 ,
1188 1466 1261 1537 in
1319 1466 1403 1538 iis
1453 1465 1643 1539 libris
1689 1467 1811 1564 qui
1858 1467 2235 1563 perierunt.
2286 1477 2445 1540 Au·-

461 1564 706 1657 anius
759 1562 837 1634 in
894 1561 1154 1660 Idyllio
1218 1582 1457 1635 xxxn
1503 1616 1526 1653 ,
1576 1563 1664 1636 ad
1734 1564 2088 1660 Nepotem
2137 1616 2161 1653 ,
2228 1564 2444 1639 docet

480 1683 781 1756 puerum
809 1712 834 1748 ‚
890 1683 1072 1757 quos
1129 1657 1347 1733 libros
1400 1660 1631 1757 legere
1688 1685 1847 1732 eum
1905 1678 2235 1758 oporteat
2263 1714 2286 1751 ,
2361 1662 2444 1734 &

537 1780 666 1829 uos
725 1755 868 1855 ipse
898 1810 922 1848 ,
976 1756 1049 1829 in
1112 1758 1403 1854 gratiam
1455 1759 1601 1832 eius
1639 1813 1663 1851 ,
1722 1759 1795 1830 in
1858 1758 2138 1831 manum
2181 1759 2444 1831 iterum

481 1782 751 1929 pumere
821 1853 903 1927 fit
956 1875 1256 1951 paratus,
1334 1859 1573 1955 Itaque
1640 1874 2038 1930 memorato
2101 1860 2390 1929 Terentio
2412 1907 2446 1951 2

486 1951 579 2028 fic
625 1953 944 2052 loquitur
991 1950 1080 2025 de
1131 1956 1434 2057 Sallustii
1482 1954 1672 2028 libris
1717 1981 1737 2027 ε

643 2149 763 2209 Iam
787 2146 1044 2227 facinus,
1085 2144 1340 2208 Catilina
1359 2193 1378 2222 ,
1424 2145 1570 2209 tuum
1591 2194 1614 2222 ,
1655 2126 1985 2234 Lepidique
2012 2147 2358 2223 tumultum,
2441 2132 2448 2137 ’

647 2258 740 2320 Ab
789 2254 1024 2339 Lepido
1048 2300 1072 2327 ,
1117 2255 1172 2317 6·
1227 2252 1485 2332 Catu103
1523 2234 1643 2316 ‘iam
1682 2278 1763 2316 res
1798 2257 1853 2318 6·
1887 2273 2115 2337 tempora
2161 2256 2364 2316 Romae

536 2341 545 2348 ἡ
651 2364 819 2445 Orsus
840 2407 867 2448 ,A
900 2363 984 2421 his
1006 2363 1166 2444 finos
1186 2361 1377 2442 seriem
1433 2367 1670 2422 conneblo
1700 2383 1800 2442 per
1838 2383 2023 2421 annos.
2140 2362 2144 2367 ’

646 2469 768 2530 Iam
812 2469 924 2551 lege
964 2467 1118 2527 civili
1160 2464 1363 2545 mffcm
1407 2467 1659 2530 Mavorte
1694 2465 1923 2525 duellum
1945 2510 1965 2540 ,

651 2576 837 2636 Movit
871 2576 1014 2655 quod
1041 2574 1189 2655 socio
1225 2573 1517 2632 Sertorius
1554 2571 1708 2654 exstd
1746 2570 1915 2633 Iber-0.
1994 2561 2001 2569 ’

491 2730 677 2800 Haec
730 2723 888 2797 sunt
940 2727 1178 2801 omnia
1230 2751 1447 2824 opera
1499 2728 1849 2829 Sallustii,
1899 2743 2197 2822 excepto
2248 2724 2444 2799 bello

482 2824 899 2923 Iugurthino
943 2878 967 2914 ‚
1009 2826 1204 2921 quod
1276 2823 1403 2896 cur
1462 2821 1771 2896 omiserit
1826 2823 2166 2916 Ausonius
2203 2876 2229 2912 ‚
2288 2848 2440 2894 non

481 2921 825 3019 intelligo.
893 2925 1098 2993 Forte
1149 2921 1238 2992 ali
1293 2942 1422 2994 uot
1477 2919 1713 2994 versus
1762 2917 2102 2994 vetustate
2154 2920 2441 2992 interci-

482 3022 757 3094 derunt.
803 3019 855 3090 1.
908 3018 1238 3092 Occurrit
1324 3018 1538 3091 ellum
1583 3017 2065 3090 Catilinarium
2098 3072 2121 3106 ,
2149 3019 2252 3110 :de
2286 3035 2439 3116 qu'o

480 3118 654 3192 nihil
710 3115 972 3190 necelle
1018 3115 1116 3189 est
1157 3115 1411 3190 dicere.
1464 3115 1543 3188 11.
1588 3115 1891 3188 Historia
1928 3116 2274 3189 tumultus
2313 3141 2437 3188 ex-
2489 3169 2495 3176 .

482 3216 675 3290 citati
715 3242 756 3288 a
793 3217 1024 3287 Marco
1075 3218 1362 3287 Aemilio
1405 3218 1686 3309 Lepido,
1734 3239 1918 3287 anno
1996 3213 2185 3287 urbis
2257 3237 2439 3289 con-

482 3318 666 3390 ditae
764 3333 1272 3393 tochxxYn.
1365 3311 1734 3413 postquam
1812 3337 1997 3386 anno
2099 3310 2440 3411 superiori

418 3409 422 3414 ⁴
485 3411 749 3488 Consul
797 3408 1151 3490 fuiffetzis
1212 3411 1565 3494 tumultus'
1599 3436 1639 3483 a
1692 3411 2032 3509 Pompeio
2063 3413 2144 3486 &
2175 3410 2435 3483 Catulo

482 3510 840 3611 oppressus
920 3508 1017 3581 est
1059 3563 1082 3599 ‚
1133 3511 1383 3585 eodem
1434 3534 1643 3581 anno,
1714 3510 1827 3582 111.
1863 3512 2028 3585 Inde
2090 3507 2441 3612 Sallustius

485 3609 841 3710 scripserat
879 3606 1265 3684 ‘Historiam
1312 3632 1544 3681 rerum
1588 3608 1662 3681 in
1700 3608 2087 3709 Republica
2120 3611 2442 3683 Romana
2544 3607 2557 3618 ’

532 3799 535 3804 ⁴
580 3830 606 3873 ι
670 3811 887 3872 Sueten.
938 3808 1003 3864 de
1046 3803 1139 3866 Ill.
1187 3804 1424 3866 Gratum.
1469 3802 1618 3887 Cap.
1673 3826 1774 3869 10.L

310 4257 760 4484 ,Ὗ
