2787 4602
913 284 974 363 C
1009 289 1075 363 A
1109 289 1181 365 T
1214 293 1249 365 1
1295 294 1354 366 1.
1404 293 1441 366 1
1478 287 1548 365 N
1596 286 1688 371 A}
2206 322 2254 395 7

315 448 686 528 'fimulator
703 473 785 525 ac
806 448 1258 549 diflimulator
1273 507 1298 545 ,
1328 446 1534 528 alieni
1561 472 1931 555 appetens,
1961 452 2066 529 sui
2084 476 2254 554 pro-

277 605 281 610 ·
320 572 518 648 susus
537 627 563 665 ‚
614 573 856 649 ardens
891 574 965 647 in
1003 575 1490 673 cupiditatibus
1513 601 1537 648 ι
1557 575 1716 653 satis
1751 594 1774 628 ¹
1818 576 2262 675 loquentiae,o

316 696 698 794 sapientiae
739 722 1006 794 parum.
1045 695 1293 771 Vastus
1326 697 1596 773 animus
1623 697 2120 790 immoderata,
2148 697 2266 770 in·

317 819 684 897 credibilia
721 874 746 912 ,
812 820 1015 893 nimis
1080 818 1219 891 alta
1284 816 1552 916 semper
1611 819 1956 918 cupiebat.
2052 819 2262 894 Hunc

316 941 488 1045 post
537 941 1085 1019 dominationem
1138 942 1334 1014 Lucii
1383 941 1609 1016 Sullae
1654 940 1898 1016 lubido
1938 965 2261 1015 maxuma

317 1061 671 1140 invaserat
717 1061 1131 1161 reipublicae
1168 1061 1546 1161 capiundae
1587 1087 1607 1133 ε
1644 1087 1871 1163 neque
1907 1062 1981 1136 id
2007 1062 2262 1163 quibus

319 1186 561 1260 modis
614 1181 1101 1283 adsequeretur
1117 1239 1141 1275 ,
1193 1183 1362 1257 dum
1410 1183 1535 1257 fibi
1584 1210 1874 1289 regnum
1944 1202 2219 1282 pararet
2234 1238 2262 1276 ,

317 1306 714 1406 quidquam
754 1305 942 1404 penfi
982 1305 1301 1378 habebat.
1333 1305 1744 1404 Agitabatur
1784 1306 1996 1404 magis
2020 1302 2266 1402 magis-

314 1454 475 1529 que
513 1416 587 1506 in
619 1429 767 1505 dies
809 1428 1075 1502 animus
1127 1425 1327 1501 ferox
1360 1427 1601 1525 inopia
1639 1427 1742 1501 rei
1774 1425 2163 1516 familiaris,
2195 1442 2269 1500 et

323 1550 754 1627 conscientia
816 1550 1149 1629 scelerum
1187 1576 1207 1619 ε
1251 1576 1430 1651 quae
1484 1569 1781 1651 utraque
1845 1550 1951 1626 his
2003 1547 2270 1622 artibus

259 1708 262 1709 ⁷
322 1692 655 1765 auxerat,
706 1700 874 1773 quas
932 1673 1135 1771 supra
1173 1657 1580 1749 memoravi.
1637 1671 2021 1748 Incitabant
2066 1691 2267 1769 prae·

326 1811 528 1871 terea
568 1796 881 1891 corrupti
920 1795 1218 1866 civitatis
1258 1819 1490 1868 mores
1509 1848 1533 1884 ‚
1577 1819 1756 1891 quos
1796 1813 1823 1849 ²
1860 1794 2164 1893 peffuma
2183 1819 2269 1870 ac

331 1910 608 1987 diversa
645 1913 826 1989 inter
854 1911 921 1992 se
953 1912 1131 1986 mala
1152 1966 1177 2004 ,
1203 1912 1478 1987 luxuria
1498 1932 1707 2013 atque
1744 1916 2033 1990 avaritia
2055 1939 2271 1991 vexa·

329 2036 526 2110 bant.
561 2032 699 2117 Res
740 2034 883 2134 ipsa
938 2035 1203 2113 hortari
1246 2035 1570 2126 videtur,
1610 2038 1943 2136 quoniam
1984 2038 2073 2112 de
2112 2061 2272 2114 mo·-

326 2159 524 2234 ribus
568 2159 864 2235 civitatis
896 2177 1172 2259 tempus
1206 2158 1573 2233 admonuit
1590 2214 1614 2250 ‚
1666 2159 1868 2259 supra
1915 2179 2277 2260 repetere,

331 2307 419 2357 ac
476 2282 712 2380 paucis
777 2280 1084 2356 instituta
1133 2281 1479 2355 maiorum
1543 2281 1737 2360 domi
1793 2282 2221 2384 militiaeque
2244 2339 2275 2379 ‚

330 2406 704 2505 quomodo
756 2406 1284 2505 Rempublicam
1355 2404 1760 2498 habuerint,
1802 2423 2279 2508 quantamque

329 2528 747 2626 reliquerint
785 2553 804 2598 z
849 2546 928 2598 ut
963 2527 1321 2623 paullatim
1357 2527 1719 2600 immutata
1732 2581 1756 2617 ‚
1802 2552 1891 2601 ex
1949 2527 2277 2625 pulcher·

330 2675 537 2728 ruma
564 2648 874 2754 peffuma
911 2672 991 2731 ac
1022 2643 1560 2752 flagitiofiffuma
1590 2643 1763 2724 faeta
1782 2645 1865 2726 fit
1886 2700 1914 2744 ‚
1934 2646 2281 2742 differere-

354 2843 699 2921 Urbem
719 2848 1060 2938 Romam,
1087 2843 1283 2926 ficuti
1311 2867 1445 2947 ego
1473 2844 1754 2944 accepi,
1794 2845 2169 2924 condidere
2187 2865 2285 2924 at·
2327 2870 2376 2937 α

330 2995 480 3079 que
501 2969 844 3060 habuere
826 2971 1028 3048 mitio
1047 2967 1378 3059 Troiani,
1403 2969 1568 3067 qui,
1590 2971 1829 3050 Aenea
1862 2972 2041 3050 duce
2065 2996 2285 3073 ‚··pro

338 3091 552 3199 fugi,
585 3087 856 3170 sedibus
914 3089 1195 3170 incertis
1256 3088 1738 3188 vagabantur·
1816 3119 2113 3196 cumque
2178 3098 2286 3174 hi:

339 3212 759 3312 Aborigines
801 3221 1016 3311 genus
1056 3209 1425 3284 hominum
1467 3210 1772 3310 agreste,
1793 3215 1932 3292 fine
1973 3219 2282 3323 legibu5‚

339 3335 483 3413 fine
550 3359 844 3433 imperio
855 3389 883 3430 ,
937 3333 1235 3416 liberum
1274 3349 1487 3442 atque
1544 3332 1874 3416 solutum.
1948 3341 2041 3417 Hi
2090 3336 2279 3440 post-

418 3610 446 3656 t
476 3585 577 3653 cf.
581 3615 600 3660 4
618 3563 854 3653 Gellius
880 3586 1064 3673 1⁵¹5·
1091 3588 1262 3660 MSS.
1450 3609 1486 3656 2
1507 3587 1650 3651 Adc
1621 3589 1726 3650 εἱνι
1706 3589 1855 3652 itatis
1882 3589 2285 3677 referendum

303 3687 304 3690 '
341 3691 615 3788 plerique
645 3695 980 3788 eloquentiae.
1360 3692 1526 3794 quast
1551 3693 1854 3770 dixiffetz
1804 3719 1833 3759 c
1833 3698 1960 3853 &Aen
2052 3753 2057 3756 ,

699 3871 703 3875 .
1934 3802 1987 3876 ὁ
