2787 4602
900 322 1790 446 rosnarum
2213 386 2351 473 ιη

404 542 651 631 agmen
715 530 1024 607 constitit
1088 545 1135 607 ¹.
1194 532 1291 605 ibi
1342 533 1791 607 commutatis
1819 530 2182 607 ordinibus
2200 586 2226 624 ‚
2274 533 2353 605 in

339 658 340 661 ’
406 655 698 728 dextero
740 655 954 727 latere
974 709 998 746 ‚
1036 655 1234 754 quod
1278 679 1702 753 proxumum
1750 654 1962 731 hostis
2000 673 2185 747 erat,
2234 652 2356 729 tri·

401 776 702 877 plicibus
745 775 1049 850 subsidiis
1092 772 1309 850 aciem
1355 776 1679 851 instruxit
1722 805 1744 851 τ
1795 778 1987 855 inter
2028 778 2353 876 manipu-

404 897 515 972 los
556 896 944 974 funditores
990 918 1061 973 et
1113 898 1513 999 sagittarios
1529 898 1845 997 dispertit
1883 927 1902 973 z
1956 900 2356 1000 equitatum

404 1042 693 1096 omnem
738 1022 812 1094 in
866 1021 1196 1096 cornibus
1266 1021 1456 1095 locat
1512 1048 1530 1093 ε
1576 1046 1657 1094 ac
1706 1045 1927 1129 pauca
1978 1045 2112 1118 pro
2173 1038 2364 1094 tem-⁶

411 1167 591 1244 pore
638 1143 892 1216 milites
935 1144 1254 1216 hortatus
1284 1197 1308 1234 ‚
1354 1142 1576 1215 aciem
1606 1195 1629 1233 ‚
1669 1141 1866 1222 ficuti
1905 1140 2355 1234 instruxerat,

405 1263 811 1343 transvorsis
853 1263 1205 1362 principiis
1241 1281 1267 1313 ²·
1288 1316 1311 1354 ‚
1340 1264 1415 1335 in
1435 1264 1720 1361 planum
1749 1265 2050 1338 deducit.
2079 1264 2218 1338 Sed*
2231 1264 2355 1338 ubi
2396 1275 2487 1359 50

406 1387 743 1462 Numidas
809 1386 1090 1486 quietos
1111 1439 1134 1474 ‚
1190 1411 1418 1485 neque
1471 1386 1653 1460 colle
1708 1385 1990 1486 degredi
2040 1385 2355 1459 animad-

406 1511 631 1585 vortit
661 1565 684 1602 ‚
719 1510 984 1582 veritus
1025 1533 1112 1580 ex
1155 1486 1319 1594 anni
1355 1525 1678 1605 tempore
1712 1525 1784 1582 et
1827 1507 2066 1606 inopia
2092 1529 2354 1605 aquae,

407 1644 495 1706 ne
536 1632 645 1704 fiti
698 1629 1165 1705 conficeretur
1210 1632 1558 1704 exercitus
1580 1684 1603 1722 ‚
1653 1630 1999 1704 Rutilium
2042 1629 2352 1727 legatum

406 1776 572 1825 cum
621 1752 956 1848 expeditis
999 1751 1413 1827 cohortibus
1465 1744 1544 1824 et*
1570 1770 1766 1848 parte
1805 1751 2123 1850 equitum
2150 1776 2355 1848 prae-⁶

407 1873 586 1946 mifit
628 1874 716 1944 ad
760 1871 1061 1960 flumen,
1108 1871 1213 1942 uti
1264 1871 1507 1943 locum
1579 1870 1809 1944 castris
1852 1889 2294 1968 antecaperet
2328 1894 2354 1944 ε

406 1992 857 2083 existumanS,
905 1991 1135 2074 hostis
1170 1993 1420 2064 crebro
1468 1992 1739 2089 impetu
1772 2011 1845 2065 et
1879 1991 2279 2067 transvorfis
2325 2012 2350 2058 ⁵

407 2117 680 2214 praeliis
720 2116 854 2187 iter
895 2113 1093 2187 suum
1128 2132 1644 2206 remoraturos,
1674 2133 1744 2188 et
1774 2116 2110 2214 quoniam
2145 2114 2355 2191 armis

282 2238 286 2249 ’
409 2239 843 2330 diffiderent,
917 2232 1370 2313 lassitudinem
1426 2256 1496 2311 et
1542 2237 1721 2311 fitim
1773 2239 2076 2312 militum
2118 2256 2352 2313 tenta·-

408 2363 630 2436 t‘uros.
683 2363 873 2436 Dein
916 2359 1057 2459 ipse
1090 2387 1222 2458 pro
1275 2388 1350 2433 re
1383 2379 1595 2461 atque
1624 2363 1792 2436 loco
1811 2416 1835 2454 ,
1869 2362 2067 2435 sicuti
2107 2377 2354 2437 monte

407 2483 849 2557 descenderat
874 2539 897 2574 ‚
937 2482 1297 2579 paullatim
1343 2483 1726 2579 procedere
1777 2509 1797 2554 ε
1831 2484 2143 2574 Marium
2195 2480 2354 2579 post
2458 2521 2461 2526 ·

408 2606 748 2705 principia
783 2605 1036 2678 habere
1070 2629 1090 2673 z
1127 2604 1268 2701 ipse
1296 2630 1461 2677 cum
1485 2603 1784 2677 sinistrae
1824 2603 2354 2702 alae·equitibus

311 2729 314 2734 ’
407 2726 601 2817 effe,'
665 2727 787 2826 qui
849 2728 924 2800 in
1007 2728 1279 2826 agmine
1345 2728 1694 2824 principes
1752 2726 1911 2799 faffi
1978 2745 2198 2800 erant.
2254 2729 2353 2800 At

403 2839 735 2948 Iugurtha
761 2904 784 2942 ‚
829 2850 952 2923 ubi
1010 2868 1399 2947 extremum
1453 2875 1701 2949 agmen
1757 2851 2027 2924 Metelli
2087 2850 2354 2949 primos

407 2968 569 3043 suos
623 2971 1193 3071 praetergressum
1239 2973 1436 3046 videt
1459 3026 1482 3064 ‚
1523 2971 1862 3070 praesidio
1898 2971 2087 3073 quasi
2133 2975 2356 3046 duum

412 3091 712 3163 millium
738 3095 1053 3189 peditum
1103 3112 1422 3167 montem
1461 3111 1797 3192 occupat,
1846 3120 1985 3194 qua
2029 3096 2360 3171 Metellus

410 3210 851 3312 descenderat
892 3241 910 3285 ε
955 3242 1042 3289 ne
1100 3216 1286 3290 forte
1332 3217 1740 3292 cedentibus
1780 3216 2197 3292 advorsariis
2250 3241 2363 3290 re-

396 3335 648 3433 ceptui
674 3389 698 3423 ‚
720 3362 816 3444 ‘ac
879 3338 1033 3446 post
1080 3341 1522 3415 munimento
1564 3339 1775 3415 foret.
1810 3340 1974 3414 dein
1997 3392 2022 3432 ,
2066 3358 2361 3437 repente

478 3550 504 3593 ι
565 3525 884 3593 Transitive
937 3555 1049 3616 pro
1092 3536 1331 3636 confiste·
1534 3559 1570 3595 2
1618 3534 1706 3596 Ita
1733 3556 1793 3596 ut
1820 3535 2013 3617 prima
2036 3535 2182 3598 acies
2209 3539 2393 3617 incer

410 3659 465 3718 re
498 3634 681 3717 fbcit3
721 3638 880 3724 quod
929 3658 1117 3699 tuetur
1160 3640 1332 3702 Cort.
1460 3640 1616 3702 deret
1635 3630 2240 3713 contraria‘hostihus.
2324 3709 2331 3714 ,

411 3740 581 3804 Adde
603 3741 831 3805 Lucret.
846 3743 940 3808 VI
952 3790 969 3819 ,
992 3766 1062 3804 10
1079 3753 1133 3805 &
1150 3746 1313 3815 Gell.
1544 3769 1573 3829 3
1609 3766 1645 3813 a
1665 3746 1859 3810 latere.
2246 3751 2249 3753 ’

328 3918 334 3923 .
409 3837 514 3922 [VJ
553 3850 644 3914 ‘¹0-
678 3846 861 3937 Vulg.
890 3831 1184 3934 constituit*
1827 3938 1863 4012 Ι
