2787 4602
508 338 671 413 qu
1038 311 1962 394 .sALtosTss1

443 558 444 566 ,
514 481 844 580 adpellat?
860 508 883 554 ε
921 482 992 556 se
1031 508 1072 555 a
1101 501 1297 580 patre
1354 478 1638 554 Boccho
1678 483 1965 555 obviam
2022 477 2156 553 inis
2206 475 2404 551 simul
2428 531 2455 567 ,

516 607 598 677 &
666 605 1003 704 praesidio
1029 658 1035 663 -
1066 604 1358 677 miffum.
1399 603 1879 679 Deinde-eum
1920 605 1999 675 &
2026 625 2455 698 proxumum

506 727 705 799 diem
772 728 910 799 fine
947 744 1141 798 metu
1181 725 1533 799 coniuncti
1578 742 1779 797 eunt.-
1813 723 2010 813 Post,
2035 772 2040 778 -
2068 723 2189 795 ubi
2237 721 2457 795 castra

514 850 789 939 locata,
859 852 937 922 ὃς
979 847 1099 929 die,
1147 845 1396 952 vespe}⁸
1438 864 1630 935 erat,
1683 864 1971 942 repente
2019 849 2302 935 Maurus
2343 845 2455 915 in—

510 981 712 1044 certo
766 971 1031 1044 voltu¹
1086 971 1173 1042 ad
1212 968 1476 1041 SulIam·
1533 970 1839 1043 adcurrit
1896 996 1913 1040 ε
1971 948 2093 1040 sibi
2152 993 2239 1039 ex
2294 966 2457 1063 spe-

512 1094 944 1167 culatoribus
1004 1094 1364 1192 cognitum
1413 1147 1439 1183 ,
1497 1093 1898 1190 Iugurtham
1955 1092 2141 1164 haud
2200 1088 2455 1187 procul

512 1216 783 1289 abess'e:
825 1216 1075 1306 simul,
1117 1217 1223 1288 uti
1275 1216 1489 1289 noctu
1525 1218 1702 1289 clam
1746 1214 1977 1289 secum
2006 1213 2467 1312 profugeret,

510 1356 715 1436 rogat
776 1358 984 1439 atque
1050 1338 1392 1412 hortatur.
1457 1340 1579 1411 Ille
1635 1339 1872 1411 animo
1953 1321 2175 1410 feroci
2245 1356 2453 1435 negat

508 1459 581 1534 se
649 1462 858 1538 toties
906 1459 1138 1534 fiistm
1171 1459 1549 1531 Numidam
1588 1460 2069 1556 pertimescere
2131 1489 2149 1533 τ
2201 1462 2456 1533 virtuti

512 1580 801 1655 suorum
842 1582 999 1655 satis
1031 1582 1311 1654 credere
1348 1579 1671 1653 :etiamfi
1704 1602 1892 1672 certa
1920 1581 2120 1677 pestis
2161 1583 2455 1672 adesset,

471 1702 906 1777 ‘mansurum
973 1704 1213 1800 potius
1243 1758 1268 1794 ,
1323 1689 1537 1801 quam
1601 1703 1941 1800 proditis,
1984 1730 2169 1802 quos
2241 1705 2457 1777 duce-

509 1827 677 1918 bat2
734 1828 925 1925 turpi
970 1826 1133 1926 fuga
1188 1828 1493 1901 incertae
1533 1853 1619 1901 ac
1682 1826 1964 1900 forsitan
2000 1824 2155 1923 post
2211 1827 2450 1923 paullo

508 1947 767 2019 morbo
825 1949 1225 2020 interiturae
1284 1931 1475 2021 vitae
1538 1967 1873 2045 parceret.
1963 1951 2297 2021 Ceterum
2361 1947 2449 2018 ab

509 2059 765 2139 ecdem
793 2060 1101 2142 monitus
1125 2123 1149 2158 ‚
1190 2072 1295 2141 uti
1337 2071 1550 2140 noftu
1587 2070 2191 2166 proficiscerentur
2213 2080 2451 2160 ‚con-—

506 2189 732 2262 filium
781 2190 1122 2288 adprobat
1158 2219 1175 2263 ε
1214 2217 1296 2264 ac
1332 2189 1556 2264 statim
1599 2192 1852 2265 milites
1890 2211 2227 2266 coenatos
2257 2195 2388 2266 effe
2423 2247 2449 2281 ,

509 2310 583 2381 in
633 2310 859 2384 castris
939 2312 1110 2409 ignis
1187 2339 1396 2413 quam
1464 2315 1920 2390 creberrimos
1989 2315 2140 2389 fieri
2170 2371 2194 2408 ‚
2285 2317 2447 2388 dein

511 2434 732 2531 prima
772 2434 1009 2532 vigilia
1064 2435 1335 2508 silentio
1387 2436 1624 2534 egredi
1658 2436 1874 2511 iubet.
1932 2440 2215 2537 Iamque
2267 2463 2447 2511 noc-

507 2570 724 2628 turno
792 2556 1037 2629 itinere
1105 2556 1278 2631 feffis
1319 2560 1686 2650 omnibus,
1745 2559 1931 2632 Sulla
1973 2562 2232 2657 pariter
2282 2587 2444 2633 cum

507 2696 677 2749 ortu
729 2676 889 2752 solis
931 2676 1143 2765 castra
1208 2680 1631 2770 metabatur,
1681 2708 1842 2754 cum
1904 2683 2173 2780 equites
2212 2681 2444 2753 Mauri

503 2800 841 2871 nunciant
874 2854 900 2890 ,
958 2800 1358 2898 Iugurtham
1423 2803 1701 2876 circiter
1741 2805 1958 2876 duum
2001 2804 2293 2874 millium
2330 2803 2444 2873 in-

502 2922 805 2994 tervallo
841 2940 1001 2994 ante
1035 2920 1432 2995 consedisse.
1459 2926 1679 3024 Quqd
1697 2924 2061 3021 postquam
2081 2922 2441 3027 auditum,

501 3062 852 3118 tumvero
899 3047 1137 3142 ingens
1204 3063 1430 3117 metus
1465 3038 1737 3117 nostros
1783 3036 2049 3116 invadit
2092 3071 2111 3116 ε
2155 3046 2437 3120 credere

504 3164 574 3239 se
605 3167 926 3264 proditos
955 3192 995 3239 a
1050 3167 1327 3240 Voluce
1363 3187 1434 3240 et
1476 3168 1728 3241 insidiis
1758 3169 2297 3242 circumventos.
2328 3172 2432 3243 Ac

501 3289 735 3379 fuere,
781 3291 906 3389 qui
951 3290 1054 3368 dic
1664 3291 1671 3292 ⁷
1762 3289 1796 3292 ⁷*
1962 3291 1971 3292 ’

501 3412 685 3506 apud
744 3413 939 3483 illum
977 3431 1054 3484 ta

262 3530 447 3639 ²107
497 3534 595 3603 At
679 3534 915 3624 Sulla,
980 3562 1054 3634 qt

577 3810 604 3857 ,ιι
633 3734 975 3848 Cortsreece
1003 3789 1054 3848 d<
