2787 4602
481 306 573 383 ²6
1016 304 1876 387 SALLUSTII

471 426 683 539 etiam
710 463 983 567 aliquot
1009 520 1034 559 ‚
1073 493 1251 569 quae
1268 468 1513 579 primo
1555 470 1855 569 ingentis
1888 468 2153 549 sumtus
2176 469 2421 571 stupro

465 590 787 687 corporis
810 589 1330 664 toleraverant.
1357 589 1515 687 post
1560 591 1680 668 ubi
1705 610 1891 668 aetas
1921 592 2423 669 tantummodo

467 708 833 809 quaestui,
903 734 1131 813 neque
1213 710 1527 792 luxuriae
1593 712 1884 799 modum
1938 712 2199 789 fecerat
2215 767 2238 803 ,
2299 736 2415 785 aes

351 876 360 888 ·
472 830 777 905 alienum
817 832 1073 929 grande
1127 831 1629 908 conflaverant.
1676 861 1804 934 per
1841 861 1954 910 eas
2003 834 2072 910 se
2119 833 2420 910 Catilina

419 1014 424 1019 τ
467 952 796 1028 credebat
844 954 1036 1053 posse
1079 952 1353 1029 servitia
1412 955 1675 1030 urbana
1716 953 2123 1047 sollicitare,
2170 954 2418 1029 urbem

471 1070 839 1146 incendere
868 1128 892 1165 ‚
935 1073 1131 1149 viros
1194 1100 1434 1148 earum
1489 1077 1607 1150 vel
1649 1078 2022 1181 adiungere
2065 1078 2233 1169 fibi,
2299 1075 2419 1151 vel

347 1223 440 1302 25
477 1194 885 1270 interficere.
913 1198 1046 1270 Sed
1090 1198 1162 1272 in
1189 1198 1295 1273 his
1328 1217 1476 1273 erat
1500 1202 1906 1303 Sempronia
1928 1256 1952 1294 ,
1983 1225 2166 1303 quae
2198 1197 2431 1303 multa‘

479 1315 677 1417 saepe
717 1317 938 1401 virilis
996 1319 1319 1395 audaciae
1364 1319 1677 1396 facinora
1739 1320 2197 1399 commiserat.
2232 1322 2433 1395 Haec
2546 1378 2566 1399 .

477 1440 730 1541 mulier
755 1466 1005 1541 genere
1052 1461 1260 1542 atque
1287 1441 1552 1532 forma,
1585 1460 1937 1542 praeterea
1963 1443 2123 1519 viro
2141 1496 2169 1534 ‚
2194 1441 2427 1529 liberis

478 1560 638 1661 satis
678 1560 1029 1637 fortunata
1064 1588 1082 1632 ι
1116 1563 1367 1637 litteris
1399 1564 1682 1639 Graecis
1711 1562 1919 1669 at'que
1948 1564 2207 1649 Latinis
2249 1564 2437 1639 ‹loc-4

476 1697 552 1758 ta
594 1707 612 1752 ε
649 1680 933 1787 psallere
965 1738 989 1776 ‚
1027 1682 1269 1758 saltare
1309 1685 1732 1785 elegantius,
1777 1713 1987 1788 quam
2021 1685 2288 1761 neceffe
2327 1683 2429 1774 est

478 1805 743 1909 probae
796 1831 815 1879 :
853 1806 1070 1882 multa
1127 1806 1258 1881 alia
1277 1861 1300 1896 ,
1357 1832 1536 1908 quae
1579 1805 2045 1899 instrumenta
2085 1788 2426 1883 luxuriae.

482 1929 617 2002 Sed
651 1928 718 2002 ei
764 1930 1031 2027 cariora
1068 1927 1336 2029 semper
1401 1931 1673 2020 omnia,
1714 1957 1923 2029 quam
1970 1914 2182 2002 decus
2216 1948 2431 2028 atque

482 2050 816 2153 pudicitia
848 2024 1042 2124 fuit·
1020 2049 1409 2148 pecuniae
1438 2074 1526 2124 an
1560 2047 1780 2122 saumae
1830 2048 2056 2124 minus
2078 2068 2433 2146 parceret,

483 2170 672 2247 haud
719 2150 921 2244 facile
967 2187 988 2221 ¹
1036 2169 1507 2243 decerneres:
1571 2184 1598 2218 ²
1638 2168 1881 2242 lubido
1949 2167 2041 2243 fic
2097 2165 2432 2260 accensa,

363 2385 378 2396 „
485 2309 568 2366 ut
604 2289 869 2390 saepius
899 2308 1173 2389 peteret
1215 2289 1411 2365 viros
1436 2345 1460 2382 ,
1515 2313 1726 2390 quam
1757 2309 2135 2390 peteretur.
2180 2291 2316 2367 Sed
2353 2316 2439 2376 ea
2501 2358 2520 2368 ι

379 2506 388 2516 ·
491 2409 691 2512 saepe
733 2413 1025 2491 antehac
1065 2411 1278 2490 fidem
1306 2413 1763 2513 prodiderat,
1804 2414 2145 2490 creditum
2165 2413 2438 2489 abiura-

381 2559 390 2570 ·
435 2541 442 2544 ’
492 2556 732 2630 verat,
786 2536 1013 2615 caedis
1055 2535 1338 2614 conscia
1379 2536 1604 2611 fuerat
1627 2538 1937 2629 ‚luxuria
1955 2556 2175 2642 atque
2202 2533 2475 2636 inopia*

357 2689 388 2695 ·
493 2651 826 2766 'praeceps
872 2659 1155 2733 abierat.
1201 2660 1515 2734 Verum
1497 2660 1854 2760 ingenium
1881 2660 2028 2738 eius
2068 2656 2256 2730 haud
2311 2656 2448 2729 ab*
2516 2737 2521 2742 ,

501 2780 824 2868 surdum3
875 2779 1070 2878 posse
1101 2773 1340 2854 versus
1369 2777 1691 2869 facere,
1675 2803 1913 2853 iocum
1941 2800 2271 2886 movere,
2294 2772 2440 2849 ser-

503 2928 717 2977 mone
765 2901 874 2976 uti
927 2901 1047 2974 vel
1096 2898 1451 2986 modest0‚
1491 2900 1610 2972 vel
1670 2899 1913 2989 molli,
1962 2899 2080 2974 vel
2138 2895 2443 2998 procaci.

506 3022 786 3124 prorsus
842 3022 1100 3097 multae
1158 3021 1443 3099 facetiae
1500 3018 1893 3119 multusque
1954 3020 2150 3132 lepos
2197 3019 2447 3110 inerat.

379 3157 479 3231 26
508 3149 631 3223 His
657 3148 861 3222 rebus
921 3147 1392 3244 comparatis,
1447 3142 1746 3220 Catilina
1804 3141 2024 3219 nihilo
2076 3140 2301 3216 minus
2374 3141 2451 3220 in

506 3295 931 3370 proxumum
955 3295 1215 3344 annum
1259 3264 1719 3342 Consulatum
1770 3264 2118 3365 petebat3
2132 3261 2404 3362 sperans
2423 3314 2453 3374 ¹.

506 3390 559 3470 fi
601 3393 983 3493 designatus
1022 3389 1208 3465 foret
1234 3444 1258 3480 ,
1305 3385 1505 3462 facile
1554 3385 1622 3462 se
1680 3413 1771 3460 ex
1817 3387 2183 3464 voluntate
2223 3369 2453 3466 Anto«.

599 3618 626 3659 ι
659 3592 857 3676 Quod
881 3595 1060 3658 Coi-t.
1083 3573 1427 3670 rationibus
1538 3565 1701 3651 vulg·
1729 3567 2030 3649 dfiemeres
2060 3562 2129 3628 δι.
2153 3561 2328 3628 codd.
2346 3581 2455 3624 cer·

509 3701 825 3773 Gronovii
897 3714 1100 3768 motus
1161 3696 1429 3783 Βφεῐςη
1540 3695 1701 3734 neres.

1611 3799 1648 3846 2
1678 3775 1854 3862 Vulg.
1885 3774 2130 3842 lubidine,
