2787 4602
2015 384 2325 451 lxxxvi!

372 570 513 644 154
559 576 598 623 e
653 574 781 622 rec.
837 559 1018 620 Mich.
1074 557 1406 619 Maittairii.
1459 550 1677 621 Lond.
1750 534 1851 619 iz.
1916 574 2128 645 1713.ί

381 664 510 736 155
564 670 618 710 c.
666 671 727 712 n.
785 669 849 714 v.
887 652 1210 731 Rothomag.
1263 668 1361 710 12.
1410 667 1602 737 1717.

382 738 516 828 156
554 735 716 802 Sall.
761 760 929 823 quae
990 734 1242 802 exstant
1300 740 1524 804 omnia
1576 760 1630 802 c.
1685 732 1764 802 al.
1816 731 2123 824 quibusd.
2210 757 2342 809 acc,>

558 826 930 918 fi·agmenta
983 825 1120 894 hist.
1169 843 1330 895 vett.
1388 851 1441 894 c.
1500 827 1655 897 Sall.
1702 829 1845 898 vita
1925 852 1962 893 a
2008 823 2100 893 Io.
2170 824 2333 894 Cle-

555 920 694 986 rico
750 918 1126 1006 conscripta.
1203 917 1465 991 Patavii
1546 945 1646 1005 ap.
1730 917 1852 987 Ion
1939 916 2329 988 Comenum

564 1009 623 1076 8.
661 1033 688 1077 1
753 1032 855 1076 21.

361 1032 778 1194 '157-1587c.
833 1125 891 1168 n.
931 1125 1137 1192 germ.
1170 1102 1336 1169 aufih
1366 1107 1712 1167 Schumcmno
1735 1099 1777 1167 l.
1797 1105 2062 1168 Kueblio.
2091 1098 2330 1170 Halae.

374 1210 389 1225 ²
546 1215 680 1283 ¹127.
741 1214 932 1284 1719.
967 1196 1253 1279 repetita
1314 1214 1508 1283 1727.

378 1289 710 1376 159-161.
788 1288 989 1371 priori
1038 1307 1224 1371 pares
1253 1331 1274 1364 ,
1343 1283 1406 1349 h.
1454 1308 1510 1351 e.
1556 1281 1809 1351 nullius
1862 1285 2108 1370 pretii,
2189 1285 2330 1350 imo

558 1375 769 1444 malae
797 1425 820 1458 ,
848 1374 1147 1465 prodiere
1198 1373 1524 1444 Viennae.
1569 1374 1627 1443 8.
1665 1396 1858 1465 1741.
1891 1371 2329 1464 Norimberg.

559 1466 617 1534 8.
671 1490 861 1560 1742.
919 1475 986 1537 &
1075 1476 1267 1559 1771·
1907 1502 1918 1513 κ
2118 1500 2124 1507 «
2275 1486 2279 1490 ·

370 1560 469 1623 16
474 1577 507 1615 2
562 1561 609 1608 Χ·
662 1585 699 1629 e
755 1576 881 1628 rec.
985 1576 1053 1627 et
1118 1584 1172 1626 c.
1256 1557 1576 1626 adnotatt.
1650 1562 1828 1623 Gottl.
1885 1562 2078 1623 Cortit'.
2154 1550 2335 1642 Lipss

561 1672 627 1734 4.
690 1675 860 1742 1724
887 1675 912 1738 3
971 1669 1229 1737 praeter
1279 1674 1397 1729 ea,
1457 1674 1628 1739 quae
1696 1646 1973 1719 Waffius
2024 1644 2325 1727 addidit,

555 1739 775 1808 reddit
832 1746 1032 1808 etiam
1091 1765 1176 1809 ex
1232 1739 1421 1808 Bafil.
1484 1749 1656 1834 ¹5⁶4
1688 1737 2061 1806 Constantii
2092 1734 2329 1805 Felicii

527 1827 926 1898 ·Durantini
984 1830 1356 1913 deconiur.
1431 1828 1637 1898 Catil.
1696 1829 1884 1898 Bafin
1949 1853 2110 1915 vero
2168 1828 2330 1897 fecit

562 1938 824 1988 textum
882 1919 1101 1993 Waffii
1131 1968 1154 2001 ,
1214 1919 1326 1989 sed
1371 1920 1534 1991 eussm
1588 1945 1736 1988 cum
1794 1919 2002 1989 XXX
2046 1920 2333 2007 amplius

558 2010 718 2079 Msst
770 2016 1008 2100 partim
1066 2012 1302 2105 bonis,
1351 2017 1590 2105 partim
1631 2013 2040 2101 sequioribus
2092 2032 2162 2081 et
2202 2009 2335 2080 ali-

522 2103 804 2190 'quibus
858 2103 1004 2172 edd.
1058 2123 1223 2173 vett.
1252 2116 1282 2183 (
1313 2104 1568 2173 Aldina
1623 2103 1689 2172 11
1739 2128 1874 2172 non
1930 2104 2082 2172 usus
2138 2101 2333 2190 saepe

559 2218 716 2263 cum
770 2194 887 2264 illa
940 2200 1255 2266 convenit
1281 2208 1309 2276 )
1339 2196 1662 2265 collatum
1704 2194 1961 2284 saepius
2017 2194 2332 2264 emenda-
2420 2216 2426 2226 ¹
2533 2190 2540 2197 ”

446 2313 453 2320 ·
553 2288 658 2357 vit
723 2307 838 2357 aut
891 2287 1175 2357 restituit
1204 2337 1225 2370 ‚
1282 2286 1476 2377 saepe
1559 2312 1723 2360 vero
1806 2292 2008 2357 etiam
2063 2286 2198 2355 illis
2256 2305 2333 2356 ut

556 2376 692 2446 suis
725 2390 755 2458 (
781 2382 928 2469 quis
985 2384 1165 2448 enim
1239 2377 1390 2448 suos
1459 2403 1594 2450 non
1658 2379 1858 2449 habet
1914 2382 2243 2448 cariores?
2299 2390 2332 2458 )

553 2469 790 2556 abusus
819 2520 839 2550 ‚
895 2470 1251 2559 sumtoque
1309 2475 1450 2540 iure
1498 2471 1550 2539 1.
1606 2473 1875 2539 arbitrio
1930 2496 2015 2538 ex
2068 2468 2197 2536 suis
2226 2492 2336 2537 re·-

560 2560 744 2649 gulis
771 2608 794 2641 ‚
840 2573 979 2628 'non
1036 2554 1288 2649 iegulis
1345 2585 1430 2626 ex
1486 2585 1626 2628 uno
1707 2560 1994 2629 Sallustii
2057 2563 2336 2649 ingenio

555 2651 746 2719 fastis
772 2701 794 2734 ,
852 2654 945 2719 ita
997 2655 1200 2722 vertit
1245 2650 1600 2746 lestiopem
1629 2697 1650 2730 ,
1735 2653 1837 2734 uti
1893 2655 1963 2718 in
2011 2650 2240 2718 multis
2297 2676 2337 2718 a

558 2767 721 2813 vero
776 2741 1056 2811 aberasse
1111 2741 1435 2825 videatur,
1478 2767 1555 2811 ea
1609 2741 1924 2831 pleraque
1978 2743 2172 2810 anxie
2229 2739 2335 2810 se-

532 2853 753 2904 .cutus
808 2833 883 2901 fit
911 2883 931 2917 ‚
987 2858 1074 2903 ex
1127 2834 1368 2923 quibus
1421 2833 1746 2903 nescimus
1800 2858 1968 2923 quae
2046 2833 2339 2903 vetustas

559 2926 948 3007 redoleret(
994 2926 1075 2994 ab
1105 2926 1246 3014 ipso
1302 2925 1610 2994 Sallustio
1637 2976 1659 3009 ,
1702 2952 1949 3018 magno
2007 2928 2333 3016 ingenio,

561 3013 780 3085 minus
833 3037 1012 3087 certe
1069 3042 1266 3106 quam
1323 3018 1651 3087 Arruntio
1693 3018 2012 3107 quaesita,
2073 3018 2154 3085 cf.
2212 3016 2336 3086 Se-

556 3132 701 3177 nec.
762 3134 862 3197 ep.
926 3123 1125 3194 114).
1188 3108 1437 3177 Multis
1492 3114 1561 3179 in
1614 3112 1779 3182 locis
1838 3109 1880 3177 l.
1931 3112 2253 3198 corruptis
2287 3108 2339 3177 l.

558 3201 815 3270 mutilis
914 3200 1193 3292 vestigia
1275 3201 1464 3268 codd.
1575 3201 2092 3292 praetergressus
2171 3198 2384 3266 nihil.

560 3297 711 3379 opis
766 3293 997 3359 attulit
1040 3292 1383 3360 laboranti.
1445 3292 1671 3366 Notas
1728 3313 1986 3361 tantum
2043 3293 2186 3359 suas
2216 3290 2337 3357 ad-

561 3384 783 3463 didit,
839 3381 951 3450 sed
1007 3409 1117 3453 eas
1175 3383 1325 3452 sane
1382 3383 1533 3471 plus
1564 3384 1733 3451 iusto
1790 3382 2086 3472 copiosas
2117 3432 2136 3465 ,
2192 3384 2339 3471 qui-

564 3475 689 3544 bus
738 3477 1050 3543 nimirum
1104 3476 1219 3544 fixa
1252 3474 1410 3543 ausa
1463 3475 1506 3543 l.
1539 3475 1832 3543 coniecta
1885 3498 2004 3563 pro
2064 3478 2339 3565 ingenio

563 3564 913 3635 illustraret
956 3616 978 3649 ,
1032 3585 1147 3635 aut
1198 3566 1529 3636 *aviditati
1586 3588 1813 3633 eorum
1843 3614 1864 3646 ,
1935 3567 2051 3655 qui
2119 3568 2339 3636 ‘verba

566 3656 954 3746 phrasesque
995 3656 1317 3726 sectantur
1346 3707 1366 3738 ,
1398 3657 1798 3727 satisfaceret
1826 3707 1848 3739 ,
1880 3658 2092 3726 multa
2145 3658 2339 3747 saepe

566 3748 1180 3838 ingerend0,quae
1237 3755 1532 3818 minume
1594 3751 1673 3819 ad
1705 3768 1929 3819 textus
1990 3754 2342 3820 veritatem

565 3858 940 3930 comparata
994 3840 1164 3913 sunt.
1221 3841 1453 3914 Vitam
1509 3841 1798 3913 Sallustii
1842 3840 2100 3914 nullam
2131 3863 2339 3929 prae·-
2397 3913 2408 3918 ,

1913 3958 2018 4009 C2
