2787 4602
525 375 754 451 sm
858 372 1912 449 SALLUSTIUM.
2111 374 2285 469 μς

295 537 499 616 cuius
544 537 786 636 paullo
833 554 997 611 ante
1039 535 1268 612 tuerat
1303 532 1607 611 Caesar?
1641 536 1863 611 modo
1881 589 1906 628 ‚
1931 535 2260 635 inquam,

231 723 240 734 .
303 659 734 759 patrimonio
787 683 935 731 non
993 654 1277 749 comeso
1307 710 1332 749 ‚
1374 654 1491 731 sed
1546 658 1894 733 devorato
1923 711 1948 751 ,
1998 657 2257 757 quibus

304 780 695 857 rationibus
753 796 1039 876 repente
1105 777 1331 854 ‘fastus
1353 838 1360 853 ..
1390 803 1464 853 es
1525 797 1670 855 tam
1727 779 2036 859 adfluens
2082 834 2108 871 ‚
2174 778 2258 861 &

297 919 447 977 tam
517 901 845 1003 beatusk?
921 902 1101 973 Nam
1159 901 1314 1000 quis
1386 920 1457 974 te
1527 901 1786 983 faceret
1845 902 2174 977 heredem
2226 955 2258 994 ‚

298 1050 514 1124 quem
556 1048 645 1098 ne
702 1023 1002 1099 amicum
1068 1022 1353 1122 quidem
1415 1021 1616 1096 suum
1666 1020 1825 1097 satis
1883 1023 2256 1102 honestum

301 1148 669 1248 quisquam
725 1145 849 1222 fibi
901 1146 1096 1221 ducit
1132 1199 1157 1239 ‚
1224 1145 1348 1220 nifi
1390 1146 1623 1221 similis
1648 1198 1674 1238 ,
1714 1170 1794 1221 ac
1830 1171 1957 1244 par
1990 1147 2157 1221 tui?
2260 1182 2263 1185 ·

396 1394 585 1468 vm.
643 1399 738 1471 At
795 1393 1081 1468 hercule
1133 1394 1409 1494 egregia
1458 1393 1631 1468 facta
1654 1488 1660 1497 “
1682 1392 2033 1468 maiorum
2086 1413 2259 1469 tuo-

293 1541 457 1595 rum
523 1533 595 1591 te
657 1518 1011 1592 extollunt
1054 1544 1074 1591 ε
1127 1530 1435 1618 quorum
1496 1516 1640 1591 five
1699 1534 1781 1592 tu
1843 1541 1916 1589 es
1972 1516 2204 1591 fimilis
2231 1569 2262 1609 ,

291 1639 439 1715 five
502 1639 605 1712 illi
661 1641 826 1732 tui,
879 1641 1054 1714 nihil
1103 1640 1191 1713 ad
1255 1641 1575 1714 omnium
1644 1637 1864 1714 scelus
1905 1692 1929 1729 ,
1982 1665 2063 1712 ac
2126 1666 2258 1715 ne-

294 1762 596 1862 quitiam
636 1763 797 1834 addi
833 1744 1089 1858 potest.
1141 1765 1473 1852 Verum,
1513 1780 1594 1836 ut
1650 1762 1913 1859 opinor
1939 1815 1963 1854 ‚
2020 1763 2259 1838 hono·-

296 1908 411 1963 res
451 1884 559 1957 tui
612 1901 683 1957 te
741 1882 1007 1956 faciunt
1051 1881 1501 1958 insolentem·
1563 1884 1680 1956 Tu
1723 1937 1747 1974 ,
1808 1882 2049 1980 Crispe
2101 1883 2255 1956 Sal·

295 2005 506 2098 lusti,
550 2007 888 2083 tantidem
934 2025 1136 2107 putas
1184 2008 1319 2082 effe
1372 2008 1477 2081 bis
1534 2004 1925 2080 senatorem
1952 2057 1978 2096 ‚
2025 2024 2096 2078 et
2149 2005 2259 2080 bis

295 2127 737 2227 quaestorem
777 2129 986 2224 fieri,
1035 2132 1283 2232 quanti
1338 2130 1446 2206 bis
1497 2122 1932 2204 consularem
1961 2185 1991 2221 ‚
2034 2148 2104 2202 et
2144 2128 2274 2202 bis

291 2251 791 2348 triumphalem
835 2252 865 2321 Ρ
931 2252 1189 2324 Carere
1241 2250 1451 2324 debet
1495 2233 1692 2326 omi-si
1739 2253 1920 2327 vitio
1952 2306 1977 2345 ‚
2016 2253 2139 2353 qui
2178 2252 2255 2326 in

291 2371 592 2444 alterum
638 2386 919 2468 paratus
962 2368 1059 2441 est
1109 2369 1364 2445 dicere.
1413 2373 1476 2444 Is
1515 2374 1798 2446 demum
1850 2377 2200 2450 maledicit
2222 2431 2253 2467 ,

293 2493 420 2592 qui
473 2515 624 2567 non
674 2489 908 2589 po'test
969 2496 1220 2563 verum
1269 2491 1357 2564 ab
1407 2492 1633 2565 altero
1680 2495 1941 2569 audire.
1996 2498 2140 2570 Sed
2168 2515 2255 2570 tu

292 2615 615 2688 omnium
660 2614 1053 2693 mensarum
1112 2613 1379 2688 adsecla
1421 2668 1448 2705 ‚
1516 2616 1834 2689 omnium
1885 2619 2255 2691 cubiculo-

294 2755 455 2807 rum
503 2736 576 2809 in
636 2755 864 2810 aetate
911 2737 1146 2835 pellex
1179 2790 1204 2830 ‚
1268 2757 1340 2811 et
1386 2737 1574 2812 idem
1613 2736 1853 2836 postea
1912 2740 2186 2815 adulter
2223 2795 2253 2834 ‚

294 2857 527 2930 omnis
567 2859 832 2933 ordinis
860 2860 1230 2959 turpitudo
1275 2887 1393 2953 es,
1427 2863 1506 2935 &
1539 2861 1765 2938 civilis
1794 2863 1961 2937 belli
1989 2889 2254 2938 memo·
2294 2938 2301 2946 ,

291 2977 419 3053 ria.
463 2980 660 3075 Quid
691 2973 878 3056 enim
907 2983 1047 3057 hoc
1090 2983 1371 3082 gravius
1416 2979 1563 3084 pati
1590 2986 1950 3082 potuimus
1968 3039 1993 3078 ‚
2036 2993 2249 3086 quam

275 3101 495 3200 ,quod
554 3120 628 3174 te
694 3102 1126 3190 incolumem
1183 3104 1258 3180 in
1316 3106 1459 3181 hoc
1522 3109 1770 3182 ordine
1831 3108 2190 3185 videamus
2215 3113 2251 3185 ἓ
2296 3160 2307 3168 ·

294 3221 557 3306 Desine
625 3223 857 3301 bonos
913 3229 1446 3326 petulantiffima
1516 3230 1894 3307 consectari
1947 3231 2182 3330 lingua
2222 3260 2247 3308 ε

294 3345 528 3419 define
567 3347 823 3422 morbo
865 3351 1309 3447 procacitatis
1353 3354 1486 3427 isto
1533 3355 1685 3427 uti:
1728 3353 1957 3430 define
1994 3379 2252 3440 unum-—

296 3489 653 3567 quemque
706 3470 1021 3545 moribus
1088 3476 1226 3549 tuis
1293 3474 1649 3547 aestimare
1690 3501 1708 3546 ε
1769 3474 1876 3550 his
1933 3477 2249 3556 moribus

185 3669 188 3672 ,
279 3589 600 3666 amicum
646 3592 778 3665 tibi
822 3593 1050 3668 facere
1089 3577 1239 3673 non
1286 3615 1490 3694 potes
1526 3651 1550 3688 ,
1593 3597 1852 3672 videris
1901 3597 2086 3674 velle
2123 3600 2248 3672 ini·

296 3711 560 3787 micum
599 3713 879 3791 habere.
914 3717 1158 3790 Finem
1197 3718 1476 3791 dicendi
1511 3716 1771 3792 faciam
1791 3721 1864 3794 P.
1907 3721 1989 3795 C.
2032 3721 2252 3818 Saepe

299 3835 488 3910 enim
543 3836 696 3914 vidi
761 3838 1042 3937 gravius
1105 3838 1463 3920 offendere
1514 3840 1785 3918 animos
1847 3841 2250 3917 auditorum
