2787 4602
521 325 639 401 IN
707 323 1214 400 SALLUST.
1275 324 2068 423 DECLAMATIO.
2173 343 2348 449 311»

371 480 562 562 ‘dabo
599 496 947 584 operam,
992 505 1074 560 ut
1129 503 1205 561 et
1258 511 1392 586 pro
1431 513 1543 562 me
1581 488 1874 563 minimo
1927 513 2088 563 eum
2131 486 2315 562 fasti-

261 650 266 655 -
375 608 498 683 dio
582 607 1034 706 respondeam
1062 661 1087 697 ‚
1145 625 1219 680 et
1287 609 1362 682 in
1442 609 1633 684 hune>
1712 609 1998 684 minime
2055 609 2316 683 menti·-

377 748 498 833 tus.
539 730 675 804 effe
705 731 967 829 videar.
1017 732 1175 805 Scio
1234 755 1347 803 me
1378 784 1403 821 ‚
1444 731 1519 803 P.
1572 730 1659 809 C.
1704 732 1778 805 in
1824 729 2317 829 respondendo

375 878 529 926 non
594 853 847 927 habere
881 879 1201 952 magnam
1248 851 1831 950 exspeEtationem
1853 908 1879 945 ‚
1927 852 2127 955 quod
2164 850 2321 925 nul·

379 975 527 1048 lum
569 1000 704 1049 vos
735 975 964 1050 'sciatis
1015 956 1286 1053 novum
1326 977 1592 1050 crimen
1627 975 1700 1049 in
1757 975 2149 1050 Sallustium
2188 1001 2314 1049 au-

374 1095 693 1189 dituros,
752 1098 867 1171 sed
912 1100 1149 1173 omnia
1180 1116 1426 1176 vetera
1470 1098 1961 1197 recognitus-os
1985 1151 2010 1189 ,
2050 1098 2207 1198 quis
2241 1113 2315 1170 et

380 1243 576 1293 meae
597 1275 620 1312 ,
653 1239 723 1295 et
772 1220 1040 1296 vestrae
1064 1222 1206 1295 iam
1229 1275 1255 1312 ,
1288 1239 1362 1296 et
1386 1221 1598 1319 ipfius
1619 1244 1819 1296 aures
1859 1216 2109 1294 calent.
2159 1216 2315 1294 Ve-

379 1365 539 1414 rum
593 1367 683 1417 eo
733 1344 951 1441 magis
1001 1342 1219 1421 odiffe
1267 1342 1534 1418 debetis
1584 1342 1943 1417 hominem
1969 1393 1996 1433 ,
2055 1339 2179 1441 qui
2224 1362 2318 1414 ne

336 1464 717 1562 *incipiens
761 1466 1045 1566 quidem
1100 1490 1389 1564 peccare
1447 1463 1751 1541 minimis
1810 1463 2024 1538 rebus
2080 1460 2317 1562 posuit

359 1586 909 1675 sudimentum3
956 1585 1074 1663 sed
1114 1588 1211 1663 ita
1250 1587 1588 1687 ingr-effus
1634 1586 1733 1681 est
1751 1643 1775 1677 ,
1812 1586 1920 1659 uti
1963 1610 2196 1688 neque
2223 1584 2317 1660 ab

380 1709 522 1782 alio
569 1710 762 1796 ‚vinci
808 1708 1010 1805 poffit
1041 1763 1067 1800 ‚
1113 1735 1341 1807 neque
1402 1707 1546 1806 ipse
1598 1706 1667 1781 se
1713 1709 2007 1783 omnino
2044 1686 2351 1810 reliqua⁸

384 1854 608 1910 aetate
651 1837 1047 1934 praeterire.
1104 1839 1345 1937 ltaque
1383 1835 1561 1913 nihil
1597 1835 1787 1910 aliud
1834 1835 2062 1911 studet
2081 1893 2111 1929 ,
2141 1836 2264 1909 nifi
2287 1888 2315 1930 ,
2418 1851 2422 1855 *

382 1959 490 2031 uti
528 1957 914 2033 lutulentus
970 1956 1079 2033 sus
1098 2012 1122 2051 ,
1172 1983 1334 2033 cum
1386 1960 1646 2061 quovis
1683 1956 2018 2034 volutari.
2072 1960 2317 2058 Longe

381 2092 588 2165 vero
629 2081 894 2159 fallitur
970 2084 1333 2182 opinione.
1422 2086 1591 2158 Non
1647 2083 1836 2157 enim
1886 2082 2317 2179 procacitate

225 2210 229 2214 ’
377 2202 655 2298 linguae
719 2206 908 2279 vitae
968 2205 1203 2283 sordes
1254 2207 1586 2281 eluuntur
1612 2209 1662 2279 τ’
1674 2203 1791 2280 sed
1827 2203 1927 2280 est
1973 2208 2313 2306 quaedam

337 2349 338 2352 ’
382 2324 729 2402 calumnia
756 2376 780 2415 ‚
842 2349 1053 2424 quam
1110 2328 1587 2425 unusquisque
1651 2327 1966 2402 nostrum
2021 2328 2313 2421 testante

381 2445 621 2519 animo
670 2443 798 2521 suo
851 2444 987 2519 fert
1012 2499 1038 2536 ,
1094 2446 1183 2520 de
1232 2467 1320 2520 eo
1353 2501 1379 2538 ‚
1420 2448 1545 2548 qui
1591 2445 1837 2528 falsum
1879 2451 2141 2526 crimen
2188 2448 2321 2523 bo·

379 2572 489 2646 ‘nis
535 2573 856 2652 obieaat.
899 2577 1124 2674 Quod
1146 2576 1213 2650 ‘fi
1246 2577 1396 2652 vita
1439 2575 1628 2651 istius
1669 2578 2077 2651 memoriam
2130 2579 2331 2654 viee-'

385 2693 532 2767 rit:
585 2692 776 2768 illam
823 2695 898 2770 P.
950 2700 1036 2770 C.
1090 2724 1237 2773 non
1287 2724 1374 2773 ex
1415 2699 1784 2789 oratione,
1838 2696 1955 2773 sed
2008 2723 2094 2772 ex
2155 2725 2321 2775 mo·-

385 2816 579 2895 ribus
646 2815 781 2892 suis
846 2815 1148 2916 speEtare
1204 2820 1493 2895 debetis.
1544 2823 1686 2896 Iam
1727 2817 1913 2894 dabo
1973 2845 2261 2919 operam
2287 2880 2316 2919 ,

271 3039 274 3044 λ
383 2964 598 3039 quam
644 2964 966 3014 maxume
1010 2958 1273 3037 potero
1300 2994 1326 3031 ‚
1362 2941 1562 3017 brevi
1600 2962 1681 3017 ut
1736 2942 2004 3050 faciam.
2064 2949 2316 3048 Neque

381 3062 556 3137 haec
607 3061 972 3137 altercatio
1028 3059 1267 3137 nostra
1313 3065 1522 3139 vobis
1564 3068 1824 3144 inutilis
1873 3071 2007 3142 erit
2034 3122 2062 3158 ,
2110 3073 2186 3144 P.
2228 3076 2313 3148 C.

385 3185 804 3284 Plerumque
857 3187 1044 3261 enim
1120 3188 1296 3287 resp.
1369 3191 1659 3288 privatis
1713 3190 1957 3265 erescit
2018 3193 2318 3268 inimici-

380 3305 546 3393 tiis;
582 3306 704 3381 ubi
730 3331 940 3381 nemo
977 3295 1148 3386 civis
1170 3364 1196 3403 ,
1235 3313 1458 3410 qualis
1481 3312 1564 3389 fit
1603 3315 1718 3388 vir
1739 3367 1781 3404 ‚.
1807 3312 2038 3412 potest
2075 3315 2319 3393 latere.

481 3527 586 3599 11.
654 3526 961 3604 Primum
998 3528 1253 3648 figitur⁴
1280 3529 1616 3631 quoniam
1646 3501 1969 3608 *omnium
2018 3537 2324 3620 maiores

393 3646 673 3749 Crispus
702 3649 1059 3762 Sallustius
1098 3654 1186 3726 ad
1232 3680 1453 3727 unum
1493 3657 1888 3755 exemplum
1916 3671 1987 3737 et
2011 3661 2319 3756 regulam

392 3772 706 3873 quaerit,
738 3775 954 3850 velim
1000 3774 1172 3852 mihi
1217 3775 1628 3876 respondeat
1654 3833 1683 3874 ,
1724 3782 2068 3880 numquid
2091 3835 2121 3875 ,
2138 3806 2321 3883 quos
