2787 4602
1207 110 1214 118 '
1334 126 1351 156 t

495 301 629 376 128
1076 294 1936 390 SALLUSTI'I

486 444 941 564 ,tento‘atque
1001 465 1248 539 infesto
1295 469 1654 560 exercitu3
1707 471 1781 542 in
1815 470 2217 559 Numidiam
2251 494 2424 571 pro-

485 592 670 663 cedit
701 590 882 663 :ubi
911 633 959 682 ‚=
997 610 1244 665 contra
1304 591 1472 664 belli
1530 592 1820 683 faciem,
1887 597 2163 693 tuguria
2216 596 2425 693 plena

483 714 848 787 hominum
875 768 900 801 ,
947 737 1204 809 pecora
1254 712 1716 811 ,cultoresque
1764 714 1835 785 in
1881 717 2058 812 agris
2096 744 2114 789 ε
2163 739 2249 789 ex
2286 743 2423 814 op-

482 834 660 931 pidis
692 852 762 904 et
803 833 1186 930 mapalibus
1234 833 1561 930 praefesti
1610 837 1820 933 Regis
1864 836 2061 910 obvii
2090 827 2424 934 procede-

482 955 651 1033 bant
678 1011 701 1047 ,
729 957 1003 1053 parati,
1039 953 1470 1071 frumentum
1497 957 1659 1030 dare
1692 1011 1715 1048 ‚
1747 977 2217 1033 commeatum
2247 984 2434 1056 pora

481 1094 629 1150 tare
663 1133 686 1168 ‚
719 1077 1087 1174 postremo·
1128 1079 1367 1152 omnia
1405 1134 1440 1175 ,ἲ
1493 1107 1671 1177 quae
1732 1081 2288 1178 imperarentur,
2318 1081 2425 1155 fa·-

481 1223 663 1272 cere.
702 1201 951 1298 Neque
978 1200 1304 1274 Metellus
1348 1201 1612 1274 idcirco
1655 1203 1927 1293 minus,
1970 1203 2087 1275 sed
2118 1202 2420 1299 pariter,

480 1347 563 1394 ac
606 1320 681 1395 fi
708 1321 936 1395 hostes
984 1321 1328 1412 adeffent,
1385 1326 1661 1396 munito
1722 1324 1993 1423 agmine
2052 1320 2423 1415 incedere,

478 1443 620 1527 late
664 1444 1058 1539 explorare·
1099 1445 1334 1515 omnia
1354 1493 1378 1533 ‚
1428 1444 1548 1515 illa
1590 1445 1965 1518 deditionis
2026 1446 2210 1543 figna
2249 1460 2269 1492 ¹
2307 1448 2424 1520 os·-

427 1644 430 1647 ,
479 1566 709 1639 tentui
765 1566 1084 1654 credere,
1124 1575 1193 1634 et
1248 1581 1275 1611 2
1309 1563 1563 1635 insidiis
1613 1562 1853 1638 locum
1910 1570 2184 1642 tentari.
2286 1574 2424 1644 Ita-

478 1712 620 1785 que
654 1685 794 1783 ipse
835 1712 996 1759 cum
1044 1686 1382 1784 expeditis
1415 1687 1825 1763 cohortibus
1844 1744 1868 1780 ,
1911 1691 2079 1762 item
2103 1690 2423 1766 fundito-

356 1816 441 1905 ξς,
482 1833 657 1881 rum·
682 1827 752 1881 et
803 1808 1312 1905 sagittariorum
1357 1796 1635 1883 delesta
1691 1815 1901 1883 maim
1943 1815 2129 1911 apud
2161 1817 2424 1910 primos

483 1952 676 2020 erat;
722 1935 795 2005 in
847 1934 1207 2036 postremo
1276 1935 1358 2006 C.
1438 1935 1699 2005 Marius
1751 1934 2013 2030 legatus
2044 1962 2203 2006 cum
2222 1938 2424 2033 equi-

480 2055 668 2130 tibus
697 2056 981 2134 curabat
1012 2083 1028 2125 ε
1068 2056 1141 2125 in
1179 2056 1555 2150 utrumque
1582 2054 1761 2124 latus
1798 2057 2196 2128 auxiliarios
2217 2030 2425 2155 equie-

434 2270 437 2271 ⁷
477 2193 588 2253 res
645 2177 938 2273 tribunis
1001 2176 1356 2272 legionum
1423 2193 1494 2247 et
1576 2174 1933 2272 praefeffis
2015 2180 2424 2260 cohortium

448 2298 1003 2398 dispertiverat,
1032 2300 1324 2373 uticum
1359 2298 1465 2372 his
1495 2299 1821 2396 permixti
1849 2300 2139 2393 velites,
2180 2320 2199 2367 ³
2240 2330 2427 2402 quo-
2536 2361 2540 2367 .

477 2444 786 2520 cumque
846 2423 1253 2495 accedere‘nt
1285 2476 1308 2512 ,
1336 2407 1712 2521 equitatus
1774 2422 2078 2496 hostium
2133 2426 2427 2522 propul-

480 2542 735 2617 sare-nt.
786 2546 967 2619 Nam
1015 2545 1088 2616 in
1146 2545 1475 2642 Iugurtha
1519 2564 1752 2619 tantus
1805 2547 2049 2638 dolus,
2091 2565 2424 2646 tantaque

484 2666 734 2763 peritia
790 2668 1119 2748 locorum
1183 2686 1252 2739 et
1315 2668 1600 2739 militiae
1665 2685 1854 2756 erat,
1911 2668 2015 2740 uti
2058 2721 2082 2757 ,
2136 2666 2372 2739 absens
2396 2720 2423 2756 ,

479 2815 572 2860 an
607 2788 922 2885 praesens
952 2828 985 2879 ‚·
1031 2814 1272 2885 pacem
1295 2842 1319 2878 ‚
1356 2816 1444 2860 an
1483 2788 1747 2861 bellum
1770 2769 2422 2885 'gerens'pernicio-

355 2926 453 2995 47
478 2902 619 2994 fior
662 2893 994 2999 effet‚-··in
1031 2912 1303 2984 incerto
1339 2909 1733 2984 haberetur.
1785 2915 1948 2982 Erat
1992 2908 2177 2980 haud
2211 2908 2422 3006 longe
2495 2914 2514 2979 .’

482 3030 570 3103 ab
622 3055 712 3103 eo
752 3031 1014 3103 ininere
1035 3085 1058 3121 ‚
1098 3057 1243 3129 quo
1293 3016 1621 3106 Metellus
1659 3026 2032 3127 pergebat,
2079 3030 2420 3128 oppidum

504 3198 538 3227 Q
572 3271 597 3309 1
634 3237 693 3310 h.
719 3219 768 3308 e:
793 3247 856 3308 in
902 3245 1146 3331 speciem
1191 3246 1336 3308 fista-
1494 3248 1647 3306 recte
1681 3239 1909 3307 censent
1922 3245 2231 3333 legendum
2264 3268 2424 3308 tenta-

567 3379 599 3413 2
643 3354 700 3416 h.
733 3377 783 3415 e.
818 3357 877 3416 ut
917 3377 1047 3415 curn
1079 3354 1252 3415 Livio
1298 3353 1387 3415 10-
1507 3356 1554 3414 ri
1575 3375 1685 3435 pro
1699 3352 1851 3437 vulg.
1885 3353 2095 3415 beatam.

486 3481 758 3546 quamut‚
788 3460 984 3541 insidiis
1000 3462 1168 3522 locum
1199 3461 1391 3541 (occa-
1579 3482 1605 3538 3
1637 3447 1864 3521 Frustra
1890 3455 2054 3521 Cort.
2081 3445 2276 3519 contra
2295 3478 2417 3515 om-

481 3566 703 3626 ssonem
776 3567 1023 3629 faciendi
1107 3565 1332 3631 infidias
1360 3567 1383 3648 )
1512 3563 1612 3627 nes
1640 3566 1771 3627 edd.
1802 3574 1858 3626 &
1889 3563 2129 3649 scriptos
2154 3589 2262 3647 pro
2284 3590 2416 3648 quo·

483 3663 663 3757 'quaeri
686 3671 804 3734 scil.
829 3696 863 3734 a
907 3676 1195 3759 Iugurtha.
1218 3676 1388 3736 Gto-
1515 3691 1732 3758 cumque
1754 3673 1947 3756 pofiiit
1992 3685 2331 3754 quacumque.
2430 3744 2434 3748 Α

478 3783 695 3851 ,novius
753 3799 945 3848 autem
1000 3787 1057 3841 &
1102 3779 1406 3872 Crispinus
2275 3815 2278 3818 ·
