2787 4602
637 386 1918 507 ιΝεΑιιυβΤιυΜ.
2122 404 2274 488 μς

319 548 423 626 lui
475 546 711 623 valere
734 601 759 638 ‚
806 571 1016 645 quam
1078 570 1358 643 pacem3
1397 544 1602 618 multi
1650 545 2091 642 privatorum
2131 570 2261 618 au·-

320 673 547 745 dacias
598 671 1064 749 nutriverunt.
1162 671 1314 766 Ego
1366 666 1541 740 nihil
1592 666 1849 757 timui,
1883 667 2005 740 nifi
2034 666 2260 764 leges:

304 794 525 903 ¹multi
574 816 763 864 arma
808 789 957 887 sua}
979 790 1210 885 timeri
1241 789 1649 865 voluerunt.
1717 792 1867 886 Ego
1900 811 2262 887 nunquam

316 915 525 991 volui
568 916 947 1015 quidquam
987 913 1180 1011 poffe
1200 968 1222 1004 ‚
1263 912 1385 986 nifi
1425 938 1557 1010 pro
1611 912 1817 987 vobis
1861 936 1879 981 ε
1931 910 2135 984 multi
2174 935 2265 983 ex

225 1034 274 1051 “’
315 1024 526 1111 vobis
572 1038 891 1134 potentia
944 1035 1158 1125 freti,
1213 1035 1287 1107 in
1344 1061 1478 1108 vos
1553 1032 1688 1107 suis
1755 1032 2019 1107 viribus
2072 1030 2261 1104 abufi

316 1158 810 1258 sunt.1taque
856 1184 1004 1231 non
1040 1156 1139 1230 est
1177 1158 1486 1247 mirum,
1543 1156 1592 1228 fi
1641 1155 1898 1231 nullius
1956 1153 2271 1227 amicitia

319 1281 481 1357 usus
523 1280 712 1376 sum,
770 1283 895 1382 qui
947 1307 1097 1356 non
1140 1298 1487 1378 perpetuo
1543 1279 1714 1375 reip.
1770 1278 2029 1353 amicus
2082 1274 2259 1349 fuit:

320 1430 549 1504 neque
590 1430 704 1479 me
754 1392 1131 1503 poenitet,
1185 1403 1233 1477 fi
1289 1420 1411 1476 aut
1457 1401 1722 1499 petenti
1762 1395 2076 1474 Vatinio
2132 1419 2267 1469 reo

314 1528 787 1627 patrocinium
826 1526 1179 1624 pollicitus
1208 1523 1401 1615 sum,
1437 1541 1558 1598 aut
1588 1522 1778 1598 Sexti
1811 1518 2254 1596 insolentiam

317 1648 595 1746 repressi
625 1703 650 1739 ‚
698 1668 820 1722 aut
858 1647 1085 1720 Bibuli
1122 1647 1529 1744 patientiam
1576 1643 1897 1742 culpavi,
1952 1658 2073 1718 aut
2108 1641 2261 1715 vir-

317 1770 588 1851 tutibus
631 1768 939 1842 Caesaris
975 1769 1142 1843 favi.
1182 1772 1329 1843 Hae
1373 1771 1558 1842 enim
1597 1768 1831 1843 laudes
1870 1766 2123 1863 egregii
2156 1765 2259 1863 ci·-

318 1890 430 1965 vis
459 1943 483 1978 ,
540 1908 612 1962 et
657 1889 901 1963 unicae
954 1887 1133 1964 sunt.
1247 1894 1452 1985 Quae
1498 1891 1548 1963 fi
1596 1904 1677 1963 tu
1726 1886 1899 1961 mihi
1936 1887 2042 1964 uti
2084 1886 2259 1962 vitia

320 2011 605 2101 obiiciS,
658 2011 1008 2099 temeritas
1065 2030 1187 2091 tua
1246 2011 1773 2110 reprehenditur
1799 2062 1824 2101 ‚
1890 2036 2037 2083 non
2100 2033 2260 2086 mea

314 2134 488 2208 vitia
528 2132 1014 2232 culpabuntur.
1087 2134 1290 2212 Plura
1355 2135 1659 2216 dicerem
1677 2187 1702 2222 ‚
1742 2132 1791 2211 fi
1830 2126 2014 2231 ap'ud
2075 2132 2287 2207 alios·
2367 2170 2378 2185 ·

316 2256 490 2328 mihi
562 2254 746 2333 ess'et
785 2255 1248 2335 differendum
1273 2310 1299 2346 ,
1359 2259 1430 2329 Ρ.
1497 2258 1580 2337 C.
1633 2281 1780 2334 non
1835 2256 2020 2353 apud
2066 2280 2200 2331 vos
2222 2308 2251 2347 ,

317 2402 500 2477 quos
552 2375 764 2455 habui
812 2376 1130 2455 omnium
1181 2376 1531 2456 actionum
1580 2402 1887 2453 mearum
1933 2379 2251 2454 monito-

315 2526 447 2575 res.
491 2501 666 2590 Sed,
691 2498 814 2573 ubi
837 2523 1073 2579 rerum
1114 2495 1508 2577 testimonia
1549 2494 1793 2576 adsunt
1813 2550 1837 2589 ‚
1869 2497 2039 2596 quid
2071 2522 2251 2595 opus

318 2622 419 2701 est
457 2609 738 2701 verbis?
1027 2697 1035 2712 N
2302 2709 2307 2716 ¹

419 2748 510 2820 V.
558 2745 627 2818 N
628 2770 764 2821 unc
812 2745 901 2821 ad
937 2760 1010 2821 te
1048 2743 1154 2821 uti
1198 2760 1511 2818 revertar
1534 2796 1558 2833 ,
1597 2741 1865 2820 Sallusti
1891 2798 1914 2834 ‚
1946 2760 2252 2842 patrem-

232 2871 237 2882 “
311 2893 457 2969 que
501 2869 703 2941 tuum
759 2885 1187 2964 praeteream
1233 2895 1252 2942 t
1313 2866 1463 2966 qui:
1496 2857 1547 2939 fi'
1584 2892 1939 2965 nunquam
1990 2866 2062 2939 in
2101 2866 2253 2945 vita

214 3083 218 3088 ff
312 2991 433 3066 sua
471 2992 793 3090 peccavit
831 3045 856 3084 ‚
898 3009 1133 3069 tamen
1171 2989 1513 3069 maiorem
1547 2989 1865 3066 iniuriam
1918 2988 2088 3086 reip.
2140 2987 2248 3062 fa·
2310 2983 2313 2987 ’

151 3161 156 3162 ⁷
279 3139 474 3192 -cere
516 3138 663 3193 non
727 3116 964 3212 potuit
1003 3169 1028 3208 ,
1102 3140 1311 3216 quam
1367 3115 1565 3215 quod
1617 3111 1688 3191 te
1755 3114 1966 3190 talem
2025 3113 2248 3218 filium

243 3301 250 3308 .
312 3236 577 3335 genuit.
644 3237 950 3335 Neque,
1004 3257 1085 3350 ιιι
1137 3238 1202 3314 st
1246 3265 1382 3337 qua
1427 3239 1502 3312 in
1547 3237 1840 3337 pueritia
1894 3233 2189 3332 peccasti
2220 3285 2276 3327 ,-

311 3357 718 3458 exsequar,
769 3382 858 3434 ne
918 3351 1276 3455 parentem
1327 3379 1532 3437 tuum
1582 3361 1825 3437 videar
1863 3355 2178 3434 accusare
2221 3412 2247 3448 ,

310 3483 437 3581 qui
482 3507 572 3556 eo
627 3496 949 3579 tempore
982 3481 1354 3562 summam‘
1350 3484 1455 3559 tui
1500 3481 1921 3580 potestatem
1963 3481 2202 3561 habuit
2220 3533 2245 3573 ‚

309 3601 431 3678 sed
463 3603 762 3701 ¹qualem
818 3602 1349 3683 adolescentiam
1393 3604 1634 3704 egeri&
1695 3608 1845 3687 Hac*
1895 3607 2079 3679 enim
2133 3608 2264 3679 de-‘

310 3724 691 3803 monstrata
732 3781 758 3819 ‚
826 3725 1028 3800 facile
1096 3727 1520 3825 intelligetur
1552 3782 1578 3818 ,
1634 3753 1841 3827 quam
1899 3728 2246 3828 petulanti

310 3849 610 3954 pueritia
641 3902 666 3942 ,
724 3875 936 3952 quam
1004 3849 1391 3947 impudicus
1443 3867 1515 3928 et
1562 3875 1825 3948 procax
1849 3906 1876 3946 ,
1912 3853 2247 3934 adoleve-

2081 4089 2101 4142 χ
2156 4053 2165 4068 ,
