2787 4602
460 476 466 482 -
502 431 515 495 1
550 423 733 499 Cum
779 421 866 496 ad
906 416 1365 517 -capeffendoe
1382 418 1833 519 Reipublicae
1865 423 2389 515 honores‘eon-

446 523 768 598 tenderet
799 576 824 611 2
881 536 900 569 ¹
977 518 1432 612 Quaesturam
1470 519 1566 592 est
1612 521 2077 634 consequutus
2104 578 2126 613 ,
2177 545 2386 620 quam

447 620 500 696 fi
558 620 760 716 petiit
796 620 1108 716 legitimo
1160 644 1347 691 anno
1366 673 1389 707 ,
1439 617 1578 695 hoc
1627 616 1722 691 est
1742 674 1765 711 ,
1801 621 2132 723 vigesimo
2180 619 2388 718 quin-

450 736 534 794 to
569 771 593 806 ‚
653 716 973 815 quaestor
1027 715 1158 789 fuit
1213 718 1297 790 A.
1347 719 1439 789 U.
1506 719 1587 790 C.
1632 733 1658 768 ²
1711 738 2050 794 mcxcw
2106 719 2386 811 Quinto

450 816 1087 894 Caecilio'Metello
1120 815 1362 887 Celere
1399 817 1476 887 &
1510 819 1587 888 L.
1625 814 1913 890 Afranio
1937 816 2134 888 coff:
2159 811 2388 888 Alios-

448 940 539 991 ne
584 916 911 988 honores
947 913 1314 986 ambiverit
1359 968 1381 1003 ,
1451 939 1538 987 an
1589 914 2103 988 difficultatibus
2151 915 2385 987 deter-

448 1013 624 1088 titus
665 1013 761 1089 ad
792 1014 1134 1108 privatam
1179 1013 1400 1086 vitam
1434 1066 1463 1102 ‚
1501 1012 1583 1084 iis
1625 1012 1842 1084 miflis*
1864 1067 1886 1102 ,
1924 1010 2330 1085 concesserit
2357 1062 2384 1097 ,

450 1135 599 1186 non
654 1108 815 1184 satis
867 1110 1109 1210 liquet.
1174 1109 1284 1181 Ab
1343 1111 1480 1183 hoc
1532 1101 1736 1182 ’certe
1785 1127 2103 1206 tempore
2152 1108 2404 1187 nullos·

445 1207 758 1287 honores
787 1264 812 1298 ‚
872 1210 959 1280 ad
1016 1208 1479 1281 Tribunatum
1557 1206 1769 1306 usque
1833 1206 2055 1280 Plebis
2087 1261 2110 1298 ‚
2169 1205 2387 1304 geffit.

446 1306 526 1379 ln
584 1304 733 1402 ipso
776 1305 1276 1382 adolescentiae
1333 1308 1581 1381 ardore
1622 1362 1649 1395 ,
1708 1306 1991 1379 videtur
2042 1330 2123 1378 ea
2164 1305 2389 1376 admi-

444 1403 592 1477 fifi'e
618 1457 645 1489 ,
686 1432 861 1502 quae
911 1424 1285 1479 aeternam
1350 1405 1618 1476 nomini
1671 1405 1817 1476 eius
1884 1404 2231 1474 infamiam
2267 1403 2388 1472 riri-a

447 1503 779 1575 uss'erunt.
842 1520 866 1561 ³
935 1501 1037 1574 M.
1104 1506 1307 1571 Varro
1372 1499 1669 1595 scriptor
1735 1500 2158 1596 gravissimus
2195 1550 2218 1589 ‚
2305 1499 2380 1569 i'n

441 1595 630 1672 libro
686 1624 896 1696 quem
953 1595 1382 1693 inscripserat
1440 1601 1606 1687 Piqs
1634 1652 1656 1686 ‚
1715 1616 1834 1670 aut
1894 1604 1968 1669 cle
2028 1602 2198 1669 Pace
2224 1651 2250 1684 ,
2302 1599 2381 1670 C.

441 1698 829 1798 Sallustium
870 1696 943 1770 in
983 1695 1326 1769 adulterio
1380 1694 1882 1793 deprehensum
1914 1722 2075 1768 cum
2100 1692 2382 1783 Fausta,

442 1792 672 1869 Sullae
727 1792 868 1869 filia
901 1847 927 1881 ‚
980 1819 1022 1869 a
1072 1794 1338 1868 Milone
1392 1794 1538 1869 eius
1582 1795 1744 1865 viro
1802 1795 1971 1867 loris
2017 1793 2193 1865 hene
2236 1817 2389 1864 cae-
2457 1860 2458 1863 ,

442 1889 643 1980 sum,
670 1895 742 1965 &
775 1945 800 1981 ,
829 1917 992 1968 cum
1030 1893 1399 1989 pecuniam
1430 1889 1716 1967 dediss‘et
1742 1946 1766 1984 ,
1813 1891 2155 1968 dimiffum
2186 1882 2383 1964 fuisse

443 1991 781 2087 prodidit.
1238 2004 1245 2012 ·
1658 2052 1662 2057 .
2427 2027 2435 2034 -

440 2142 446 2147 -
542 2088 871 2163 Attamen
926 2088 1047 2160 .A.
1117 2090 1209 2160 U.
1295 2086 1380 2160 C.
1469 2107 1744 2160 mccn.
1800 2104 1833 2154 4
1899 2086 2379 2179 ¹Tribunatum

302 2206 307 2213 ’
434 2184 660 2284 plebis
723 2186 1017 2283 adeptus
1093 2185 1191 2259 est
1233 2237 1256 2276 ‚
1325 2203 1648 2281 tempore
1708 2208 1853 2283 quo
1927 2184 2144 2284 usque
2198 2187 2388 2257 adeo

433 2282 717 2359 turbata
766 2299 914 2362 erat
944 2292 952 2301 ’
980 2281 1393 2381 Respublica
1441 2338 1467 2373 ,
1528 2301 1609 2356 ut
1654 2310 1742 2357 eo
1802 2283 2183 2357 deventum
2240 2283 2322 2357 fit
2351 2323 2386 2373 ,-

374 2388 389 2401 “
433 2397 516 2456 ut
582 2382 737 2459 Cn.⁴
763 2384 1138 2481 Pompeius
1180 2386 1474 2480 Magnus
1516 2381 1831 2473 Consul,
1882 2383 2021 2455 fine
2060 2383 2326 2479 collega
2350 2435 2379 2470 ,

435 2498 831 2557 crearetur-‚2
856 2552 865 2558 ,
890 2482 1075 2558 Cum
1138 2499 1374 2559 autem
1435 2481 1675 2579 paullo
1733 2499 1895 2556 ante
1956 2483 2044 2558 T.
2110 2482 2383 2577 Annius

348 2603 351 2614 ·
428 2578 618 2654 Milo
665 2581 744 2656 P.
793 2579 1130 2676 Clodium
1190 2579 1547 2657 occidisset
1593 2635 1617 2671 ,
1685 2582 2195 2675 Pompeiusque
2272 2579 2384 2647 le-

432 2700 593 2772 gem
645 2680 731 2754 de
791 2680 871 2753 vi
922 2678 1177 2755 tulisset
1224 2732 1251 2768 ,
1325 2705 1462 2776 qua
1523 2677 2002 2751 instituebatur
2062 2673 2376 2770 quaestio
2435 2709 2438 2716 ›

430 2775 519 2844 de
570 2800 649 2849 ea
698 2776 912 2850 caede
941 2802 970 2860 3
1026 2775 1399 2854 ulciscendi
1442 2772 1877 2847 occasionem
1935 2771 2166 2843 nassus
2206 2774 2264 2841 S
2268 2776 2380 2839 al-
2494 2786 2500 2794 “

434 2874 662 2972 Iustius
687 2925 714 2960 ,
773 2870 896 2945 fibi
958 2896 1107 2946 non
1154 2869 1396 2945 defuit.
1454 2869 1638 2944 Cum
1688 2869 1963 2943 duobus
2014 2869 2168 2941 aliis
2209 2868 2378 2940 Tri-2
2445 2953 2446 2958 Ἰ

430 2967 640 3046 bunis
692 2968 911 3066 plebis
979 2968 1457 3045 inimiciffimas
1513 2968 1889 3043 conciones
1914 3022 1939 3055 ‚
1996 2985 2077 3040 ut
2135 2965 2376 3041 scribit
2439 2975 2442 2984 “

431 3068 766 3158 Asconius
819 3071 1154 3142 Pedianus
1200 3068 1273 3142 in
1334 3070 1666 3143 Ciceronis·
1714 3065 2169 3141 Milonianam
2200 3118 2223 3154 ,
2276 3065 2366 3136 de

430 3163 699 3239 Milone
767 3163 1012 3237 habuit
1042 3218 1066 3253 ,
1138 3163 1511 3240 invidiosas
1561 3166 1770 3239 etiam
1818 3166 1902 3237 de
1962 3163 2305 3235 Cicerone
2343 3216 2371 3252 ,

430 3263 630 3363 quod
681 3262 1024 3339 Milonem
1074 3260 1343 3339 summo
1404 3262 1629 3339 studio
1682 3262 2081 3338 defenderet
2111 3288 2154 3347 3*
2187 3278 2376 3336 erat«

515 3524 542 3563 x
582 3503 744 3586 Cap.
788 3524 839 3579 ς.
1450 3494 1764 3591 Scholiaflen
1831 3510 2066 3572 Horatii
2109 3512 2184 3568 ad
2249 3513 2369 3574 Sae-

512 3606 547 3647 2
584 3587 659 3647 A.
709 3586 778 3647 C.
836 3585 971 3648 LX.
1464 3593 1538 3653 11.
1586 3590 1686 3651 lib.
1739 3592 1783 3651 1.
2200 3595 2202 3597 ’
2401 3611 2405 3616 ·

519 3688 544 3741 3
628 3671 737 3746 Ap.
791 3671 924 3730 Aul.
994 3669 1135 3730 Gell.
1207 3669 1343 3736 Lib.
1547 3695 1586 3750 4
1635 3673 1713 3737 A.
1754 3674 1826 3737 C.
1863 3675 1946 3737 N.
1990 3658 2123 3735 Ltl‘.

430 3746 641 3814 XVII.
677 3766 724 3813 c.
752 3756 841 3814 18.
874 3753 1000 3817 Vid.
1027 3754 1083 3817 G*
1118 3771 1337 3820 veterent
1761 3813 1766 3818 ,
