2787 4602
2069 396 2197 446 xm

253 566 470 619 tamen
553 542 838 616 nostrum
898 545 1136 617 edendi
1222 542 1576 621 consilium,
1627 548 1997 637 patiebatur
2053 550 2200 619 lon-

253 646 472 732 giores
520 640 830 708 *excursus
861 688 881 718 ‚
940 665 1108 727 quos
1166 644 1401 708 merito
1456 643 1892 723 verebamur,
1944 666 2028 710 ne
2084 644 2204 710 alii

252 757 382 800 non
447 753 721 806 curent,
776 732 888 798 alii
946 730 1400 799 nonnifi'cum
1454 733 1676 801 taedio
1731 735 1975 825 legant.
2047 734 2199 802 No-

251 825 421 892 tulas
480 825 695 910 paffim
751 821 1168 910 adsperfimus
1228 826 1295 890 in
1354 827 1631 914 gratiam
1680 828 2007 904 tironum,
2066 826 2200 893 eas?-

251 940 377 1004 que
441 919 506 982 in
567 915 858 983 Catilina
925 914 1263 1002 plerasque
1351 940 1435 983 ex
1516 916 1869 984 dorstiffimo
1957 914 2200 986 Cortio

250 1005 540 1094 sumptas
602 1029 618 1074 :
683 1005 842 1073 alias
900 1007 1047 1073 dein
1131 1005 1395 1074 aliunde
1453 1005 1859 1097 selegimus,
1918 1030 2031 1076 aut
2085 1034 2201 1076 no-

250 1096 403 1166 stras
464 1097 854 1165 addidimus.
898 1097 1042 1187 Qui
1097 1100 1165 1164 in
1223 1099 1514 1165 minimis
1598 1123 1998 1187 magnopere
2082 1124 2201 1168 cu·-

250 1190 394 1258 riosi
454 1188 606 1257 sunt
634 1237 654 1267 ‚
709 1187 919 1256 forsan
975 1187 1337 1257 desiderent
1399 1192 1470 1256 in
1525 1187 1795 1278 singulis
1864 1194 2206 1265 austorum

250 1285 544 1349 nomina.
599 1276 730 1347 Sed
783 1305 908 1348 nos
963 1282 1076 1350 vel
1106 1282 1401 1359 auctori,
1461 1278 1572 1350 vel
1632 1281 1987 1348 lestoribus
2047 1287 2200 1351 unis

251 1373 591 1441 consulere
621 1371 971 1439 maluimus
1030 1396 1048 1440 ε
1105 1392 1305 1461 atque
1362 1374 1466 1438 uti
1522 1368 1746 1439 Cottii
1802 1392 1870 1440 et
1924 1372 2206 1441 aliorum

250 1463 747 1553 praestantiores
832 1463 1157 1532 editiones
1240 1463 1496 1550 semper
1577 1465 1988 1531 tranciandae
2055 1462 2207 1534 sunt

252 1558 551 1625 manibus
611 1579 840 1624 eorum
871 1605 892 1637 ,
946 1561 1060 1644 qui
1115 1560 1186 1623 in
1241 1554 1413 1624 hisce
1472 1550 1698 1623 studiis
1754 1580 1908 1642 prae
1966 1561 2206 1625 ceteris

196 1653 199 1657 ⁴
250 1648 717 1735 delectantur3
773 1651 866 1714 ita
921 1673 1042 1716 nec
1101 1672 1220 1717 nos
1278 1646 1886 1718 Grammaticorum
1941 1647 2206 1738 glorio-—

248 1740 389 1807 lam
444 1738 662 1807 nostro
715 1743 985 1806 nomine
1042 1738 1306 1829 singulis
1363 1736 1735 1827 affingendo
1764 1765 2207 1826 aucupamur,

249 1850 376 1898 aut
456 1828 648 1901 valde
731 1851 1027 1896 curamus
1082 1829 1202 1896 hos
1231 1877 1254 1909 ,
1295 1831 1426 1917 vqui
1506 1853 1639 1895 non
1695 1851 1834 1897 rem
1893 1849 1962 1900 et
2015 1834 2205 1921 inge-

250 1925 448 1988 nium
536 1920 814 1987 au6ioris
882 1919 1096 1994 bene,
1155 1917 1267 1989 sed
1350 1917 1548 1988 verba
1615 1923 1838 2007 inepte
1894 1946 2208 2011 quaerere

250 2012 646 2080 didicerunt.
704 2008 1027 2080 Ceterum
1085 2010 1257 2082 haud
1316 2014 1649 2102 ingratum
1705 2011 1848 2083 fore
1904 2014 2208 2102 plurimis

254 2104 548 2171 arbitrati
656 2102 876 2171 sumus
906 2153 926 2185 ,
1010 2104 1188 2195 quod
1260 2107 1437 2174 vitae
1500 2105 1780 2172 auctoris
1810 2155 1833 2188 ‚
1913 2131 2110 2193 quam
2167 2134 2208 2174 a

256 2193 530 2264 Clerico
612 2193 1000 2285 diligentius
1071 2194 1368 2285 scriptam
1456 2196 1790 2264 reddimus
1818 2246 1839 2278 ,
1897 2201 2206 2268 notitiam
2287 2212 2296 2235 ⁸

161 2331 165 2338 ·
255 2285 710 2355 subiunximus
767 2286 1187 2370 litterariam,
1247 2312 1331 2356 ex
1385 2284 1801 2358 Bibliotheca
1852 2286 2053 2359 latina
2084 2287 2138 2358 F
2141 2317 2207 2359 a·-

260 2379 464 2447 bricio
494 2417 520 2428 -
550 2377 891 2448 Ernestina
925 2404 948 2465 ;
1004 2381 1182 2467 quod
1238 2384 1306 2448 in
1366 2404 1444 2448 ea
1473 2381 1690 2449 insunt
1745 2380 1955 2449 m'ulta
1984 2431 2003 2463 ,
2035 2408 2209 2471 quae

260 2472 374 2539 ille
434 2494 570 2537 non
627 2469 841 2537 habet.
897 2470 1192 2539 Indicem
1246 2495 1407 2542 vero
1464 2471 1833 2538 editionum
1890 2497 2025 2539 non
2100 2473 2210 2540 so-

263 2560 399 2629 lum
460 2583 577 2648 pro
636 2581 851 2628 rerum
912 2559 1266 2628 nostrarum
1296 2564 1486 2648 copia
1514 2564 1870 2629 austiorem
1926 2562 2157 2631 damus
2183 2613 2208 2646 ,

263 2652 369 2722 sed
426 2673 500 2720 et
555 2649 634 2719 ad
691 2656 899 2719 varias
957 2651 1382 2721 Sallustianae
1432 2669 1676 2719 aetates
1734 2675 1904 2723 nova
1958 2657 2210 2723 ratione

263 2743 602 2813 directum.
674 2741 957 2831 Coeptis
1027 2743 1257 2812 nostris
1321 2766 1516 2831 porro
1598 2743 1817 2813 faveat
1887 2743 2208 2816 humanus

264 2837 540 2925 quisque
568 2884 592 2917 ,
618 2854 694 2905 et
721 2860 971 2925 aequus
1025 2838 1266 2910 laboris
1313 2833 1514 2905 nostri
1543 2834 1931 2910 aestimator.

2133 2987 2158 3016 Ο
