2787 4602
548 382 696 461 η4
1033 342 2015 493 ,SALLUsTtt

542 538 684 601 tes?
700 531 766 602 ei
803 514 1333 605 fiibi’enientem
1387 518 1782 607 'Atiochum
1842 525 2282 606 conceffione
2314 532 2521 636 Asiae

547 669 677 750 per
715 650 960 733 dolum
1018 656 1383 729 advertere
1426 683 1450 743 3
1506 681 1587 735 ac
1627 680 1842 745 moit,
1884 656 2112 731 trasto·
2144 656 2523 753 Philippo,

461 748 486 769 ⁴
543 770 938 849 Antiochus
988 768 1183 850 omni
1230 779 1329 852 cis
1381 776 1697 877 Taurum
1731 803 1902 876 agro
1957 768 2028 851 et
2082 779 2328 852 decem
2362 779 2530 850 mil,

541 898 776 971 libus
803 900 1237 972 talentorum
1314 898 1648 997 spoliatus
1708 898 1903 973 est.
1940 900 2189 974 Perstn
2251 902 2502 976 deinde

485 1102 486 1109 ἵ
531 1021 842 1137 Philippi
886 1020 1108 1097 filium
1148 1075 1174 1115 ,
1248 1021 1407 1127 post
1474 1022 1698 1096 multa
1775 1041 1848 1095 et
1922 1024 2117 1131 varia
2186 1025 2507 1131 certami-

535 1170 684 1236 na,
729 1130 919 1244 apud
972 1147 1457 1220 Samothracas
1507 1147 1679 1220 deos
1708 1165 2075 1243 acceptum
2120 1147 2193 1218 in
2250 1145 2503 1233 fidem,

534 1267 825 1360 callidi,
875 1287 946 1341 et
999 1287 1397 1366 repertores
1453 1266 1848 1366 perfidiae,
1912 1269 2078 1367 qffia
2125 1266 2328 1363 pacto
2390 1267 2502 1339 vi-

533 1401 683 1463 'tam
736 1391 1071 1463 dederant
1114 1446 1139 1481 ‚
1209 1388 1571 1464 insomniis
1639 1392 1986 1464 occidere.
2046 1384 2426 1462 Eumenem
2474 1441 2502 1477 ,

535 1511 734 1584 cuius
793 1508 1166 1591 amicitiam
1229 1512 1533 1610 gloribse
1576 1510 1941 1587 'ostentant
1968 1565 1994 1605 ‚
2047 1503 2261 1582 ini-tio
2317 1533 2497 1604 pro-

535 1633 773 1704 didere
830 1632 1248 1724 Antiocho,
1297 1635 1500 1771 pacis
1545 1636 1939 1710 mercedem
1990 1659 2015 1718 3
2088 1616 2242 1728 post
2293 1632 2501 1704 Atta-
2523 1657 2543 1676 2

532 1754 682 1826 lum
751 1753 1109 1828 custodem
1171 1754 1318 1853 agri
1397 1758 1659 1873 captivi
1722 1752 2057 1828 sumtibus
2111 1773 2199 1826 et
2239 1771 2495 1826 contu-

531 1876 756 1951 meliis
811 1904 899 1950 ex
951 1895 1130 1976 rege
1174 1854 1656 1950 miserrumum
1712 1871 2077 1947 servorum
2127 1873 2484 1947 effecere:

531 1999 996 2098 simulatoque
1059 2002 1280 2096 impio
1323 1996 1735 2070 testamento
1771 2051 1795 2087 ‚
1867 1997 2089 2070 filium
2143 1995 2290 2067 eius
2330 1997 2490 2067 Ari-

531 2117 877 2193 stonicum
913 2176 936 2210 ‚
981 2122 1143 2218 quia
1182 2114 1483 2212 patrium
1542 2114 1857 2214 regnum'
1888 2118 2235 2215 petiverat
2268 2176 2293 2210 ‚
2354 2120 2487 2193 h0.=·.

531 2239 735 2313 stium
791 2267 990 2318 more
1033 2297 1057 2335 ,
1114 2266 1241 2338 per
1318 2236 1752 2334 triumphum
1819 2241 2103 2317 duxere.
2191 2243 2345 2318 Afia
2397 2245 2486 2317 ab

528 2365 684 2462 ipfis
730 2365 993 2439 obseffa
1049 2365 1219 2439 est:
1287 2359 1659 2458 postremo
1716 2382 1945 2438 totam
2012 2365 2484 2469 Bithyniam,

529 2487 916 2562 Nicomede
982 2485 1327 2573 mortu0‚
1355 2481 1785 2581 diripuere,
1831 2485 1991 2559 dum
2030 2483 2214 2561 filius
2255 2485 2485 2579 Nusa,

531 2623 741 2710 quam
799 2607 1108 2708 reginam
1155 2599 1673 2702 adpellaverant
1711 2662 1739 2698 ,
1802 2608 2081 2705 genitus
2116 2607 2303 2683 haud
2341 2612 2481 2683 du·-

525 2734 640 2806 bie
702 2733 890 2806 effet.
953 2735 1132 2806 Nam
1197 2725 1367 2826 quid
1433 2751 1566 2824 ego
1628 2753 1743 2801 me
1766 2730 2201 2843 appellem?
2263 2759 2477 2832 quem

524 2855 940 2927 disiunctum
1017 2850 1324 2949 undique
1387 2847 1614 2947 regnis
1684 2868 1755 2922 et
1805 2852 2196 2925 tetrarchiis
2229 2853 2321 2926 ab
2355 2851 2487 2926 im.r

524 2974 728 3071 perio
780 2998 1022 3047 eorum
1063 3025 1087 3060 ,
1129 2972 1291 3068 quia
1351 2968 1535 3043 fama
1599 2989 1747 3042 erat
1775 3024 1802 3060 ‚
1849 2971 2139 3047 divitem
2162 3030 2190 3066 ‚
2241 3001 2472 3076 neque

523 3095 945 3171 serviturum
999 3091 1140 3164 effe
1161 3101 1202 3180 ,³
1230 3115 1362 3187 per
1393 3091 1857 3184 Nicomedem
1893 3091 2083 3167 bello
2123 3098 2474 3172 Iaceflive-

473 3283 480 3294 .
521 3239 742 3308 runt3
781 3213 1048 3292 sceleris
1089 3238 1334 3286 eorum
1373 3211 1561 3286 haud
1601 3216 1916 3313 ignarum
1947 3271 1975 3306 ‚
2017 3233 2095 3289 et·
2134 3243 2214 3289 ea
2237 3273 2262 3309 ‚
2290 3244 2473 3318 quae

521 3342 834 3415 accidere
869 3394 893 3430 ,
945 3337 1263 3449 testatum
1327 3356 1528 3411 antea
1558 3393 1583 3430 ,
1637 3338 2000 3416 Cretenses
2059 3339 2248 3414 solos
2311 3369 2466 3417 om-
2536 3323 2541 3326 ’

521 3464 718 3534 nium
769 3463 1025 3535 liberos
1091 3485 1166 3532 ea
1230 3458 1635 3558 tempestate
1674 3453 1702 3553 ’,
1780 3481 1851 3536 et
1922 3487 2155 3561 regem
2193 3467 2481 3540 ‘Ptole--

520 3609 820 3656 maeum.
886 3586 1116 3679 Atque
1179 3608 1311 3680 ego
1379 3584 1571 3657 ultus
1611 3585 1893 3660 iniurias
1919 3642 1944 3677 ‚
2002 3588 2465 3660 Nicomedem

522 3706 850 3806 Bithynia
902 3704 1180 3799 expuli3
1228 3706 1586 3806 Asramque
1624 3706 1925 3806 spolium
1973 3711 2157 3808 regis
2206 3713 2465 3784 Antio-

521 3831 637 3904 chi
704 3827 989 3922 recepi,
1033 3845 1111 3900 et
1151 3829 1517 3904 Graeciae·
1544 3830 1752 3904 demfi
1810 3857 2022 3933 grave
2074 3832 2465 3908 servitinma'
