2787 4602
628 344 701 431 D
742 345 800 425 ε
879 341 1129 425 am.
1225 334 2101 430 cummuni„
2206 335 2386 455 283]

405 534 490 589 ‚te
543 539 760 614 remp.
815 532 885 587 et
933 523 1039 586 -ea
1098 512 1322 587 cauffa
1388 511 1731 585 exercitus
1784 510 2132 609 stipendiis
2170 538 2355 586 con·-

390 632 608 712 ‘festis
664 655 998 734 optumos
1035 687 1059 728 ‚
1119 654 1191 710 et
1239 634 1657 709 veterrimos
1721 635 2036 709 omnium
2086 635 2350 721 adver-¹

412 757 563 832 sum
627 759 872 832 fratres
913 811 939 850 ,
1000 777 1460 856 parentesque
1504 810 1528 846 ‚
1606 756 1721 828 alii
1795 756 2053 829 liberos
2139 758 2348 830 armis

410 881 838 953 contendere
856 908 881 968 3
933 900 1014 954 ut
1067 907 1154 954 ex
1209 881 1447 953 alienis
1484 879 1680 952 malis
1728 879 2108 951 deterrumi
2150 904 2345 952 mor-

410 1003 582 1075 tales
633 1005 868 1079 ventri
946 1022 1157 1102 atque
1234 981 1628 1100 profundae
1722 1000 2015 1073 lubidini
2083 1000 2370 1076 sumtus·

348 1142 350 1147 ’
404 1144 825 1224 quaererent
874 1154 892 1199 t
946 1130 1155 1225 atque
1214 1124 1431 1223 effent
1487 1120 1886 1220 opprobria
1936 1125 2273 1197 vistoriae
2318 1176 2349 1215 ‚

405 1273 717 1345 quorum
774 1250 1051 1349 ‚flagitiis
1107 1247 1732 1334 commacularetur
1780 1243 2133 1321 bonorum
2175 1244 2348 1319 laus.

404 1370 657 1470 Neque
706 1371 894 1446 enim
959 1387 1035 1446 te'
1096 1371 1471 1470 praeterire
1532 1386 1707 1465 puto
1736 1420 1762 1456 ‚
1826 1365 2016 1464 quali
2048 1366 2345 1464 quisque

404 1515 656 1565 eorum
703 1519 902 1567 more
939 1547 964 1586 ‚
1022 1513 1143 1567 aut
1206 1491 1541 1566 modestia
1578 1546 1602 1582 ‚
1653 1491 1861 1563 etiam
1914 1506 2067 1561 tum
2132 1487 2348 1562 dubia
2389 1526 2390 1529 ¹

403 1615 701 1687 victoria
740 1668 765 1707 ‚
813 1615 954 1690 sese
1005 1616 1277 1714 gefferit
1324 1639 1349 1704 3
1424 1639 1713 1714 quoque
1779 1611 2000 1705 modo
2059 1612 2131 1683 in
2177 1610 2355 1687 belli

402 1728 991 1835 adnnnist'ratione
1044 1737 1272 1811 scorta
1301 1791 1325 1827 ‚
1384 1756 1507 1809 aut
1568 1737 1901 1813 convivia
1937 1740 2343 1833 ,ltexercue—

402 1859 546 1931 rint
583 1860 961 1947 nonnulli3
1012 1883 1317 1957 quorum
1357 1876 1543 1930 aetas
1587 1883 1676 1929 ne
1740 1882 1865 1954 per
1919 1846 2162 1939 otium,
2182 1856 2347 1955 qui·-

399 1979 562 2053 dem
611 1981 766 2055 talis
819 1974 1202 2078 voluptatis
1249 1981 1386 2053 fine
1440 1980 1784 2059 dedecore
1823 1976 2188 2083 attigerit.

354 2092 355 2099 ἵ
1124 2106 1188 2176 C
1239 2125 1291 2175 A
1342 2127 1407 2177 P.
1513 2107 1605 2178 V.
1829 2178 1832 2183 ,
2031 2128 2036 2133 ·
2315 2126 2347 2160 ·

420 2212 423 2215 “
498 2226 616 2296 De
676 2225 885 2296 vbello
966 2225 1124 2299 satis
1184 2227 1467 2299 dicatum.
1573 2228 1691 2299 De
1763 2251 1935 2325 pace
2003 2226 2249 2301 firman

398 2348 735 2446 quoniam
772 2364 991 2445 tuque
1055 2367 1125 2420 et
1170 2374 1417 2422 omnes
1471 2352 1580 2422 ¹tui
1647 2351 1914 2447 agitatis
1962 2374 1981 2421 ε
2035 2352 2342 2447 primum

398 2470 470 2541 id
499 2525 522 2560 ,
583 2468 839 2568 quaeso
886 2523 910 2559 ‚
990 2470 1343 2542 confidera
1396 2524 1419 2560 ‚
1478 2471 1683 2568 quale
1739 2471 1811 2542 id
1858 2471 1937 2541 fit
1970 2526 1995 2561 ,
2043 2474 2338 2573 dequo

397 2592 746 2666 consultas
782 2621 798 2666 :
840 2594 937 2665 ita
970 2648 993 2686 ,
1039 2593 1244 2665 bonis
1284 2592 1617 2692 malisque
1670 2594 1951 2667 dimotis
1993 2649 2017 2685 ,
2072 2598 2342 2693 patenti

396 2706 511 2788 via
557 2717 645 2787 ad
693 2741 941 2788 verum
980 2741 1256 2818 perges„
1321 2719 1472 2813 Ego
1535 2714 1625 2788 fic
1690 2715 2084 2805 existumo;
2145 2723 2335 2817 quo-

394 2844 582 2916 niam
631 2861 788 2916 orta
824 2844 1062 2917 omnia
1115 2844 1465 2915 intereunt
1487 2894 1513 2931 ,
1555 2868 1691 2941 qua
1733 2842 2133 2939 tempestate
2177 2844 2337 2920 urbi

395 2962 753 3042 Romanae
810 2966 1032 3039 fatum
1106 2964 1355 3039 excidii
1420 2953 1812 3040 adventarit
1852 3021 1876 3056 ‚
1940 2957 2143 3041 cives¹
2172 2987 2338 3044 cum

395 3086 665 3157 civibus
719 3067 958 3161 manus
1017 3088 1460 3179 conserturos
1503 3117 1527 3179 ;
1597 3090 1693 3163 ita
1746 3089 2039 3163 defeffos
2099 3108 2168 3162 et
2212 3115 2335 3162 ex·-

277 3220 282 3224 ’
395 3206 679 3303 sangues
733 3209 909 3306 Regi
943 3230 1092 3315 aut
1150 3197 1420 3288 nationi
1472 3215 1763 3311 praedae
1819 3211 2114 3283 futuros,
2177 3212 2332 3283 Ali·-

278 3398 287 3404 ,
396 3349 505 3402 ter
560 3333 935 3405 nonorbis
999 3352 1337 3406 terrarum
1373 3389 1396 3426 ,
1453 3359 1681 3433 neque
1744 3339 2027 3407 cunctae
2073 3352 2333 3431 gentes

393 3451 938 3551 conglobatae,
1008 3482 1297 3531 movere
1375 3475 1496 3529 aut
1559 3458 1990 3530 contundere
2059 3476 2332 3557 queunt-

393 3579 533 3650 hoc
599 3573 1015 3675 imperium.⁴
1077 3578 1435 3653 Firmanda
1473 3581 1474 3584 ’
1509 3580 1721 3678 igitur
1783 3579 1939 3652 sunt
2014 3598 2085 3651 et
2149 3606 2327 3652 con-

393 3701 670 3773 cordiae
732 3700 919 3774 bona
963 3756 987 3792 ‚
1058 3721 1128 3774 et
1203 3703 1584 3776 discordiae
1653 3704 1831 3777 mala
1896 3706 2328 3803 expellenda.

392 3822 468 3895 Id
512 3824 607 3896 ita
660 3825 989 3917 evenietg
1035 3825 1088 3896 fi
1153 3824 1506 3902 sumtuum
1550 3844 1622 3901 et
1673 3829 2066 3925 rapinarum
2108 3828 2327 3903 licen-

992 4019 998 4059 l
