2787 4602
461 311 602 390 54
1016 291 1884 376 sALLUsT11

447 453 667 550 Igitur
707 449 1053 551 Vagenses
1083 505 1106 542 ,
1159 477 1305 550 quo
1365 451 1694 525 Metellus
1761 451 2018 544 initio,
2071 452 2406 553 Iugurtha

446 575 896 672 pacificante,
938 572 1350 672 praesidium
1416 546 1888 668 imposuerat,
1920 571 2199 671 fatigati
2224 577 2405 675 regis

447 693 840 792 suppliciis,
895 719 1121 792 neque
1175 711 1379 767 antea
1417 688 1787 767 voluntate
1840 694 2166 785 alienati,
2202 698 2401 794 prin-

448 813 638 912 cipes
676 809 975 888 civitatis
1021 816 1203 887 inter
1259 812 1325 887 se
1392 817 1762 888 coniurant
1812 841 1830 886 z
1885 843 2043 891 nam
2106 821 2400 918 volgu8‚

451 937 560 1008 uti
597 937 1007 1035 plerumque
1059 931 1236 1008 solet
1267 990 1290 1026 ‚
1351 956 1424 1009 et
1495 963 1814 1009 maxume
1875 939 2339 1018 Numidarum
2377 995 2413 1042 ,-

451 1057 739 1156 ingenio
800 1060 1103 1148 mobili,
1159 1057 1557 1131 seditiosum
1631 1077 1839 1158 atque
1903 1061 2421 1156 discordiosum,
2500 1116 2507 1124 -

455 1199 648 1280 erat,
679 1180 1041 1278 cupidum
1085 1206 1435 1254 novarum
1489 1205 1719 1253 rerum
1756 1236 1779 1272 ‚
1842 1184 2062 1280 quieti
2123 1202 2192 1256 et
2244 1184 2402 1257 otio

456 1301 895 1375 advorsum:
935 1303 1095 1375 dein
1148 1301 1550 1399 co‘mpofitis
1601 1303 1784 1375 inter
1818 1302 1884 1376 se
1921 1304 2164 1395 rebuS,
2216 1305 2438 1378 diem.

458 1424 745 1498 tertium
799 1423 1267 1511 constituunt3
1310 1425 1506 1522 quod
1553 1424 1611 1498 is
1643 1424 1848 1498 festus
1881 1424 2402 1530 celebratusque

458 1569 588 1640 per
620 1570 906 1617 omnem
970 1533 1278 1616 Africam
1336 1546 1580 1616 ludum
1630 1563 1701 1617 et
1745 1545 2091 1621 lasciviam
2142 1550 2404 1646 magiS,

461 1691 672 1768 quam
706 1664 1150 1738 formidinem
1185 1663 1593 1757 ostentabat.
1629 1667 1762 1739 Sed
1792 1669 1911 1740 ubi
1934 1687 2208 1768 tempus
2244 1668 2407 1760 fuit,

463 1787 908 1860 centuriones
936 1786 1390 1886 tribunosque
1439 1788 1810 1880 militares,
1835 1808 1906 1863 et
1939 1789 2159 1888 ipsum
2198 1816 2402 1887 prae-

460 1888 714 1981 sedtum
760 1907 1001 2005 oppidi
1044 1910 1131 1981 T.
1161 1910 1561 2007 Turpilium
1606 1912 1957 2002 Silanum,
1991 1913 2162 1985 alius
2191 1913 2406 1995 alium

460 2031 713 2101 domos
765 2028 914 2103 suas
967 2031 1332 2102 invitant:
1376 2057 1500 2104 eos
1566 2034 1834 2123 omnis,
1894 2051 2169 2131 praeter
2215 2036 2411 2106 Tur-

454 2153 750 2249 pilium,
817 2153 998 2225 inter
1069 2152 1303 2250 epulas
1387 2151 1810 2226 obtruncant
1868 2180 1887 2225 :
1965 2141 2241 2249 postea
2269 2152 2410 2223 mi-

457 2275 615 2349 lites
672 2276 961 2375 palantis
988 2331 1013 2367 ‚
1067 2277 1415 2368 inermos,
1483 2276 1742 2376 quippe
1816 2274 1906 2349 in
1957 2276 2080 2349 tali
2134 2275 2243 2348 die
2313 2300 2397 2350 ac

456 2397 595 2472 fine
647 2399 942 2496 imperio
967 2452 993 2488 ,
1070 2398 1586 2498 adgrediuntur.
1678 2398 1865 2470 Idem
1936 2390 2174 2494 plebes
2198 2390 2409 2488 facit,

441 2506 614 2619 'pars
648 2522 876 2595 edoffi
915 2521 1002 2594 ab
1033 2522 1443 2614 nobilitate,
1473 2522 1590 2594 alii
1623 2518 1848 2615 studio
1894 2521 2136 2593 talium
2169 2545 2403 2593 rerum

455 2646 722 2719 incitati
783 2702 801 2719 .
859 2648 1013 2748 quis
1059 2647 1202 2721 asta
1234 2626 1735 2744 consiliumque
1774 2628 2251 2742 ignorantibus
2284 2634 2417 2713 tu-'

299 2765 428 2857 ,⁶7
455 2770 712 2843 multus
745 2768 886 2869 ipse
935 2788 1007 2843 et
1035 2794 1144 2844 res
1181 2792 1410 2843 novae
1449 2765 1603 2840 satis
1651 2767 2035 2866 placebant.
2097 2764 2403 2858 Romani

422 2892 745 2981 'milites‚
784 2890 1168 2996 improviso
1202 2909 1396 2963 metu
1424 2945 1447 2981 ‚
1502 2892 1749 2990 incerti
1796 2871 2197 3003 ignarique,
2228 2876 2415 2985 quid'
2456 2984 2459 2987 Ι

447 2998 900 3112 potissumum
939 3011 1285 3101 facerent,
1322 3012 1667 3110 trepidare
1709 3009 1795 3081 ad
1833 3034 2064 3082 arcem
2108 3008 2350 3123 oppidi
2378 3076 2405 3115 ,

447 3137 570 3208 ubi
617 3137 799 3234 signa
850 3154 920 3208 et
971 3134 1159 3206 scuta
1225 3153 1422 3206 erant
1473 3160 1489 3204 ε
1545 3124 1952 3230 praesidium
2011 3130 2315 3229 hostium
2374 3182 2401 3221 ,

447 3279 693 3362 portae
754 3277 914 3333 ante
967 3250 1231 3331 c'lausae
1295 3257 1530 3354 fugam
1580 3253 2044 3354 prohibebant
2087 3280 2104 3325 ε
2144 3253 2230 3324 ad
2266 3253 2408 3325 hoc

442 3388 764 3464 mulieres
814 3386 1152 3485 puerique
1208 3408 1338 3480 pro
1383 3383 1576 3456 tediis
1612 3375 2284 3485 aedificiorumssaxa
2330 3391 2425 3477 et,

440 3494 571 3586 alia
600 3567 623 3603 ‚
675 3538 851 3611 quae
896 3500 1092 3584 locus
1137 3506 1509 3609 praebebat
1537 3559 1561 3595 ,
1606 3504 1921 3577 certatim
1957 3482 2254 3573 mittere.
2303 3499 2408 3571 Ita

437 3663 664 3737 neque
696 3636 929 3710 caveri
978 3659 1228 3729 anceps
1278 3632 1581 3720 malum,
1632 3616 1863 3726 'neque
1900 3652 1940 3698 a
1979 3621 2389 3697 fortissumis

309 3792 318 3799 ’
431 3759 914 3839 infirmissumo
992 3757 1232 3861 generi
1316 3752 1528 3831 resisti
1630 3750 1824 3857 poffe
1877 3777 1894 3826 :
1966 3749 2159 3824 iuxta
2232 3744 2405 3820 boni
