2787 4602
733 350 1747 445 FRAGMERTA:
1919 422 1925 430 .
2085 383 2234 445 ιιι·

280 531 508 612 vestra
546 521 901 622 socordia,
952 537 1163 631 'quam
1201 547 1484 629 captum
1514 531 1615 605 ire
1654 533 1821 606 licet
1840 586 1864 623 ,
1907 548 1987 606 et
2016 559 2232 633 quam

195 709 199 714 ⁴
271 656 532 730 ‘audeat
572 671 717 726 tam
765 651 991 727 videri
1037 650 1334 727 felicem.
1398 654 1579 726 Nam
1639 670 1915 752 praeter
1970 653 2235 728 satelli-

240 811 244 814 ·
282 795 394 851 tes
438 774 988 850 commaculatos
1026 829 1053 865 ‚
1104 776 1262 874 quis
1293 775 1566 882 'eadem
1610 776 1827 849 vult?
1893 795 2014 849 aut
2076 779 2236 876 quis

283 922 431 972 non
486 896 726 970 omnia
785 912 1051 969 muta-ta
1083 950 1107 987 ,
1158 915 1436 994 praeter
1486 897 1851 979 victoriam
1889 898 1917 971 ἓ
1973 892 2234 975 scilicet

281 1020 537 1094 milites
584 1044 605 1088 z
661 1044 967 1118 quorum
1004 1017 1329 1119 sanguine
1353 1076 1376 1113 ‚
1414 1021 1751 1095 Tar-rulae
1781 1024 2182 1124 Scyrroque
2205 1081 2233 1119 ,

283 1140 611 1239 peffumis
662 1138 1070 1231 servorum,
1158 1142 1449 1217 divitiae
1517 1160 1754 1239 partae
1815 1140 1972 1214 sunt
2020 1170 2038 1218 ε
2087 1170 2173 1218 an
2204 1198 2241 1234 ,

283 1263 541 1361 quibus
593 1262 939 1361 praelatus
992 1263 1066 1335 in
1144 1262 1647 1361 magistratibus
1693 1264 2048 1360 capiundis
2096 1269 2144 1336 F
2145 1291 2241 1336 u-

284 1383 492 1458 fidius
523 1440 546 1477 ‚
596 1384 846 1459 ancilla
887 1385 1111 1482 turpis
1131 1439 1158 1475 ,
1192 1407 1196 1414 ·
1228 1385 1587 1459 honorum
1635 1386 1955 1457 omnium
2004 1385 2235 1457 deho-

257 1506 844 1607 nestamentum?
915 1509 1157 1607 Itaque
1203 1501 1619 1581 ‘maxumam
1669 1506 1842 1578 mihi
1906 1504 2233 1580 fiduciam

284 1630 468 1727 parit
529 1631 759 1706 viam·
826 1611 1174 1703 exercitus
1215 1684 1240 1721 ‚
1306 1630 1421 1701 cui
1467 1653 1596 1727 per
1644 1645 1759 1704 tot
1815 1629 2109 1702 vulnera
2157 1647 2233 1702 et

286 1749 562 1823 labores
598 1803 623 1840 ,
655 1750 876 1840 nihil,
912 1769 1188 1847 praeter
1233 1747 1615 1847 tyrannum
1641 1804 1664 1840 ‚
1695 1751 2074 1847 quaesitum
2106 1749 2261 1824 est.'·

292 1870 436 1952 Nifi
472 1863 659 1944 {orte
713 1855 1159 1945 tribuniciam
1231 1870 1649 1968 potestatem
1701 1869 2018 1944 eversum
2066 1895 2239 1967 pro-

174 2033 187 2049 ·
288 1992 452 2073 feffi
495 1990 652 2067 sunt
701 2018 829 2091 per
863 2019 1051 2094 arma
1069 2048 1094 2084 ‚
1142 1994 1500 2068 conditam
1553 2019 1593 2066 a
1628 1992 2008 2066 maioribus
2057 1991 2190 2066 suis
2208 2022 2243 2066 :³

286 2115 536 2213 utique
564 2116 716 2188 iura
746 2133 817 2189 et
845 2116 1101 2194 iudicia
1144 2115 1413 2196 sibimet
1443 2132 1947 2213 extorquerent
1974 2139 1996 2183 τ
2034 2140 2239 2214 egre-

284 2236 398 2335 gia
440 2235 699 2311 scilicet
758 2239 1122 2328 mercede,
1172 2263 1332 2312 cum
1382 2237 1672 2337 relegati
1707 2238 1785 2311 in
1835 2236 2120 2336 paludes
2162 2257 2265 2341 et,

279 2342 488 2463 'filvas
509 2411 536 2447 ,
583 2359 1102 2451 contumeliam
1127 2376 1338 2457 atque
1376 2341 1715 2436 invidiam
1750 2358 1939 2435 sumn
1959 2416 1984 2453 ‚
2030 2387 2240 2458 prae-

286 2480 426 2554 mia
465 2504 679 2576 penes
719 2504 1000 2576 paucos·
1022 2480 1515 2579 intelligerent.
1567 2484 1809 2575 Quare
1831 2481 2044 2577 igitur
2078 2496 2241 2551 tan-

284 2621 369 2677 to
403 2604 677 2701 agmine
710 2621 923 2702 atque
958 2605 1202 2677 animis
1224 2605 1538 2676 incedit?
1572 2605 1735 2703 quia
1762 2603 2098 2676 secundae
2128 2627 2242 2677 res

287 2726 464 2800 mire
487 2724 645 2798 sunt
665 2725 856 2801 vitiis
879 2726 1209 2800 obtentui
1228 2753 1251 2814 3
1271 2726 1529 2825 quibus
1548 2724 1964 2799 labefactatis
1983 2752 2243 2824 ,quam

286 2848 712 2922 formidatus
750 2866 954 2922 antea
997 2848 1135 2940 est,
1157 2867 1300 2922 tam
1338 2866 1873 2922 contemnetur:
1907 2844 2030 2920 nifi
2052 2847 2243 2922 forte

288 2969 518 3069 specie
559 2971 989 3047 concordiae
1028 2967 1099 3044 et
1136 2954 1371 3068 pado,
1401 2992 1581 3069 quae
1615 2968 1854 3043 sceleri
1907 2989 1979 3044 et
2014 2973 2242 3069 parri-

294 3094 484 3166 cidio
530 3092 660 3165 suo
712 3096 1001 3168 nomina
1071 3095 1351 3168 indidit.
1425 3096 1679 3193 Neque
1724 3094 1926 3167 aliter
1965 3095 2244 3191 populo

295 3214 624 3285 ROmano
685 3213 819 3286 effe
875 3216 1043 3289 beni
1092 3216 1306 3290 finem
1328 3272 1352 3309 ,
1408 3218 1505 3290 ait
1535 3271 1564 3308 ,
1612 3215 1735 3288 nifi
1780 3228 2061 3306 maneat,
2115 3238 2247 3284 ex·-

297 3334 493 3434 pulsa
546 3338 740 3435 agris·
792 3338 1075 3435 plebes3
1132 3341 1385 3437 praeda
1470 3339 1696 3415 civiHs
1749 3334 2242 3420 acerbiffuma;

297 3455 404 3530 ius
433 3510 459 3548 ,
495 3456 982 3558 'iudiciumque
1021 3462 1340 3535 omnium
1383 3486 1618 3533 rerum
1660 3481 1872 3556 penes
1907 3456 1973 3528 se
1999 3455 2242 3554 ,quod

297 3579 548 3676 populi
584 3580 893 3655 Romani
929 3581 1084 3657 fuit.
1138 3588 1340 3678 Quae
1372 3638 1397 3674 ,
1442 3583 1491 3655 si
1517 3583 1731 3681 vobis
1761 3606 1896 3678 pax
1949 3596 2020 3650 et
2062 3603 2242 3650 con-

297 3703 538 3776 cordia
566 3703 1091 3803 intelliguntur,
1131 3731 1452 3795 maxuma
1491 3704 1930 3778 turbamenta
1964 3701 2236 3800 reipub.

302 3842 514 3929 atque
567 3814 778 3901 exitia
806 3826 1104 3928 probate
1154 3826 1498 3900 :annuite
1550 3824 1818 3926 legibus
1863 3824 2238 3923 impositis:
