2787 4602
589 346 713 430 ι’
897 352 1848 437 IUGURTHA.·
2186 369 2281 464 ᾗς

347 506 679 618 pellatur.
712 520 911 593 Dein
951 521 1234 619 utrique
1286 521 1516 596 alteris
1562 519 1726 598 =freti
1772 523 2128 600 finitumos
2175 548 2291 598 at*-

347 644 491 717 mis
534 659 655 716 aut
692 661 887 715 metu
925 640 1078 713 sub<
1107 643 1477 740 imperium
1513 668 1801 744 cogere,
1839 670 2100 721 nomen
2135 649 2292 746 glo*

343 765 673 864 riamque
718 765 841 843 fibi
886 766 1209 837 addidere
1228 781 1256 853 ;‘
1290 766 1501 865 magis
1529 768 1649 859 hi,-
1697 769 1822 867 qui
1855 770 1943 841 ad
1979 768 2294 843 nostrum

344 911 550 960 mare
597 886 1064 983 processerant
1096 911 1115 957 τ
1157 889 1320 987 quia
1355 889 1656 987 Libyes,
1697 914 1906 989 quam
1953 891 2294 980 Gaetuli,

344 1010 588 1083 minus
666 1010 1028 1098 bellicofi3
1083 1011 1384 1109 denique
1460 1009 1739 1084 Africae
1794 1037 1949 1108 pars
2002 1011 2292 1083 inferior

342 1132 690 1231 pleraque
742 1133 830 1206 ab
877 1134 1193 1207 Numidis
1240 1134 1530 1231 poffess'a
1581 1134 1709 1222 est3
1742 1135 1904 1208 visti
1946 1140 2190 1207 omnes
2216 1136 2289 1206 in

332 1273 637 1352 -gentem
673 1277 1072 1354 nomenque
1121 1256 1610 1353 imperantium
1661 1236 2073 1329 conceffere;
2124 1256 2290 1329 Pos—
2325 1255 2413 1334 ¹9

344 1396 472 1450 tea
527 1377 906 1450 Phoenices
946 1377 1066 1449 alii
1117 1374 1579 1451 multitudinis
1630 1378 1824 1450 domi
1877 1381 2292 1452 minuendae

344 1498 609 1596 gratia,
660 1524 814 1595 pars
869 1499 1144 1595 imperii
1222 1499 1546 1596 cupidine
1565 1550 1588 1589 ,
1661 1498 2028 1572 sollicitata
2089 1501 2297 1597 plebe

346 1620 641 1735 aliisque
695 1648 1042 1697 novarum
1092 1647 1324 1694 rerum
1367 1623 1633 1714 avidis,
1673 1624 2119 1721 Hipponem,
2147 1626 2297 1696 Ha-'¹

347 1733 803 1835 drumetum‚
840 1741 1113 1842 Leptim
1141 1741 1439 1840 aliasque
1471 1726 1709 1816 urbis
1691 1772 1764 1814 m
1799 1751 1924 1816 Ora
1952 1746 2298 1820 maritima

342 1867 736 1942 'condidere
786 1877 803 1938 ὲ
857 1865 1124 1963 haeque
1176 1855 1377 1968 brevi
1429 1863 1728 1935 multum
1782 1865 2017 1937 auCtae
2040 1917 2064 1955 ,
2134 1891 2299 1961 pars

350 1989 741 2099 originibus
787 1985 1162 2086 praefidio,
1206 1987 1381 2059 aliae
1447 1969 1689 2059 decori
1748 1984 1962 2060 fuere
2002 2011 2163 2058 nam
2204 1985 2296 2059 de
2360 1987 2369 2003 ’

353 2102 777 2208 Carthagine
825 2110 1016 2181 filere
1067 2097 1314 2180 melius
1363 2125 1541 2204 puto
1572 2160 1596 2197 ,
1640 2115 1848 2206 quam
1906 2115 2152 2221 parum
2188 2091 2297 2181 di·-
2331 2158 2350 2171 -

353 2261 516 2308 cere
571 2263 588 2307 z
647 2231 979 2332 quoniam
1047 2222 1186 2303 alio
1256 2239 1638 2365 properare
1712 2236 1986 2327 tempus
2027 2247 2298 2305 monet.

290 2367 295 2372 ’
354 2344 576 2451 Igitur
626 2353 714 2424 ad
751 2351 1305 2442 Catabathmon,
1357 2352 1479 2450 qui
1527 2351 1724 2423 locus
1758 2353 2163 2449 Aegyptum
2207 2345 2298 2423 ab

356 2474 596 2548 Africa
633 2473 881 2546 dividit
904 2528 930 2562 ,
979 2472 1283 2544 secundo
1313 2474 1532 2559 mari,
1576 2472 1801 2568 prima
1842 2473 2122 2569 Cyrene
2151 2471 2296 2562 est,

354 2579 642 2668 colonia
706 2593 1038 2665 Thereon
1069 2647 1092 2682 ‚
1131 2618 1212 2665 ac
1253 2593 1575 2688 deinceps
1617 2593 1793 2663 duae
1843 2593 2081 2690 Syrtes
2116 2646 2141 2682 ,
2182 2593 2296 2665 ina-

355 2737 611 2817 terque
665 2727 777 2790 eas
831 2717 1118 2813 Leptis:
1168 2715 1328 2787 dein
1372 2714 1715 2786 Philenon
1770 2725 1925 2812 arae
1954 2769 1979 2813 ‚
2029 2724 2295 2812 quern,

351 2841 766 2941 Aegyptum
816 2837 1055 2913 versus
1076 2893 1099 2929 ‚
1133 2838 1343 2910 finem
1373 2838 1645 2933 imperii
1681 2822 1981 2909 habuere
2010 2835 2300 2909 Cartha-

353 2953 765 3063 ginienses:
810 2959 966 3064 post
1020 2961 1191 3032 aliae
1242 2959 1538 3031 Punicae
1584 2958 1809 3032 urbes,
1846 2960 2098 3031 Cetera
2136 2959 2338 3032 loca

354 3083 574 3182 usque
608 3084 694 3155 ad
717 3069 1220 3154 Mauretaniam
1248 3069 1591 3154 Numidae
1621 3088 1916 3154 tenent·
1950 3099 2296 3178 proxume.

261 3261 266 3267 -
354 3204 753 3325 Hispaniam
784 3225 804 3256 ¹
833 3204 1058 3276 Mauri
1095 3202 1312 3274 sunt.
1360 3199 1562 3298 super
1594 3204 1990 3280 Numidiam
2019 3206 2293 3276 Gaetu-

355 3329 468 3401 los
509 3328 909 3444 accepimus
946 3327 1198 3424 partim
1247 3327 1321 3397 in
1355 3326 1701 3422 tuguriis,
1733 3325 1907 3397 alios
1962 3326 2293 3402 incultius

356 3475 576 3549 vagos
632 3450 932 3548 agitare:
999 3443 1155 3545 post
1227 3472 1350 3520 eos
1427 3448 1807 3543 Aethiopas
1878 3445 2062 3519 effe:
2123 3446 2290 3519 dein

356 3573 520 3650 loca
577 3570 810 3647 exusta
877 3569 1038 3648 solis
1096 3569 1480 3644 ardoribus.
1532 3569 1746 3666 Igitur
1807 3565 1999 3647 bello
2059 3567 2292 3666 Iugur-f

448 3834 476 3874 1
509 3813 616 3905 int.
648 3813 962 3883 Baeticam.
