2787 4602
704 286 1764 429 'FRAGMENTAE
2123 359 2304 432 ny

317 491 422 575 ab
475 493 603 584 iis,
666 517 852 592 quos
910 492 1282 590 prohibere
1343 473 1553 592 magis
1620 493 1908 569 decebat
1952 496 2274 593 :postre-

264 707 271 713 ὁ
316 641 454 687 mo
486 670 511 706 ,
586 641 764 715 quae
804 615 1095 711 peffumi
1139 617 1218 687 ὅ(
1278 614 1664 711 stultissumi
1714 617 2142 709 decrevere,
2185 645 2268 692 ea

314 739 534 810 bonis
573 741 651 811 δέ
690 737 1104 833 sapientibus
1155 736 1476 827 faciunda
1517 737 1695 831 sunt.
1743 742 1923 813 Nam
1963 739 2278 831 bellum,

312 879 539 958 atque
615 883 846 949 arma,
922 882 1341 957 quamquam
1384 840 1609 931 'vobis
1671 842 1932 951 invisa,
1983 880 2214 934 tamen
2239 912 2266 952 ,

312 985 496 1081 quia
559 981 824 1077 Lepido
888 980 1247 1081 placent,
1277 977 1604 1081 sumenda
1654 979 1832 1054 sunt.
1894 981 2035 1054 Nifi
2081 982 2271 1055 forte

226 1190 229 1193 ,
315 1104 446 1176 cui
507 1128 746 1199 pacem
792 1101 1128 1199 praestare
1172 1154 1197 1193 ,
1254 1104 1332 1172 &
1375 1100 1638 1172 bellum
1703 1102 1847 1198 pati
1907 1103 2270 1177 confilium

317 1225 451 1311 est.
503 1227 688 1315 Pro,
730 1225 827 1313 dii
866 1225 1038 1299 boni
1071 1276 1093 1314 ,
1145 1224 1266 1322 qui
1320 1223 1498 1294 hanc
1535 1221 1778 1294 urbem
1829 1223 2069 1296 omiffa
2103 1252 2271 1299 cura
2327 1216 2331 1221 ’

319 1349 556 1420 adhuc
590 1347 863 1443 regitis3
885 1349 983 1419 M.
1022 1345 1395 1434 Aemilius,
1425 1318 1737 1414 omnium
1770 1343 2272 1442 flagitiosorum

321 1468 758 1571 postremuS,
798 1469 919 1566 qui
967 1469 1217 1564 peior,
1259 1493 1346 1545 an
1397 1466 1718 1562 ignavior
1735 1465 1862 1558 fit,
1904 1467 2274 1543 deliberari

321 1619 477 1664 non
527 1591 754 1688 potest
785 1643 809 1680 ,
886 1589 1269 1661 exercitum
1337 1588 1843 1683 opprimundae
1932 1589 2270 1665 libertatis

321 1712 579 1801 habet,
603 1714 681 1783 &
721 1709 786 1782 se
830 1737 866 1782 e
900 1727 1263 1781 contemto
1301 1709 1756 1791 metuendum
1794 1710 2025 1784 effecit
2077 1740 2095 1784 t
2133 1737 2269 1787 vos

258 1864 267 1869 -
326 1832 741 1922 mussantes,
765 1832 843 1902 &
892 1829 1334 1919 retrastantes
1365 1829 1597 1902 verbis
1624 1833 1702 1900 &
1739 1841 1982 1902 vatum
2018 1834 2277 1919 carmi-1

314 1952 569 2043 nibus,
618 1979 859 2050 pacem
903 1953 1161 2049 optatis
1212 1953 1427 2049 magis
1458 2009 1485 2042 ,
1545 1979 1792 2050 quam·
1837 1951 2203 2027 defenditis
2244 1981 2278 2028 2

244 2066 249 2069 ⁸
326 2101 558 2173 neque
638 2076 1018 2172 intelligitis
1049 2129 1073 2165 ,
1126 2076 1424 2146 mollitia
1507 2076 1952 2148 decretorum
2059 2076 2272 2151 vobis

326 2197 733 2292 dignitatem
764 2251 790 2287 2
843 2197 946 2268 illi
995 2216 1257 2270 metum
1312 2198 1602 2271 detrahi.
1659 2200 1892 2297 Atque
1946 2196 2018 2269 id
2065 2199 2215 2272 iure
2239 2223 2271 2286 3
2342 2277 2350 2283 ,

329 2320 667 2417 quoniam
729 2344 814 2389 ex
876 2320 1127 2415 rapinis
1184 2319 1618 2392 consulatum
1641 2374 1662 2411 ,
1711 2321 1806 2392 ob
1854 2319 2274 2398 seditionem

329 2442 771 2540 provinciam
827 2467 986 2513 cum
1039 2441 1347 2513 exercitu
1393 2442 1682 2537 adeptus
1736 2440 1854 2513 est.
1898 2444 2092 2532 Quid
2148 2443 2274 2526 illa

330 2566 430 2638 ob
465 2562 816 2643 benefacta
852 2562 1132 2658 cepiffet
1152 2615 1177 2651 ,
1221 2560 1416 2632 cuius
1457 2558 1823 2632 sceleribus
1850 2580 2039 2633 tanta
2070 2588 2271 2659 prae-2

329 2688 472 2763 mia
523 2686 898 2759 tribuistis?
939 2689 1035 2758 At
1091 2683 1349 2757 scilicet
1370 2740 1395 2773 ,
1451 2684 1555 2774 ii,
1601 2682 1723 2781 qui
1754 2736 1793 2778 ,²
1844 2683 1930 2755 ad
1991 2684 2270 2780 postre-

331 2833 526 2895 mum
573 2834 842 2907 usque,
899 2807 1202 2905 legatOS,
1273 2832 1557 2903 pacem,
1635 2809 2124 2900 concordiam,
2187 2812 2270 2883 δε

330 2931 464 3004 alia
526 2930 1013 3009 huiuscemodi
1090 2930 1556 3002 decreverunt
1586 2984 1610 3020 ,
1687 2929 1974 3027 gratiam
2036 2928 2124 3003 ab
2176 2954 2272 3002 eo

332 3032 690 3151 peperisse.
755 3057 914 3126 Imo.
962 3052 1258 3149 despecti
1334 3054 1413 3123 δέ
1474 3053 1738 3150 indigni
1789 3078 1934 3148 rep.
1998 3051 2300 3142 habiti,

333 3175 628 3272 praedae
678 3174 843 3246 loco
887 3173 1409 3248 aestumantur:
1462 3177 1720 3275 quippe
1774 3192 1967 3247 metu
2025 3194 2273 3269 pacem
2399 3173 2408 3183 ’

333 3313 726 3392 repetentes
756 3350 778 3385 ,
830 3322 974 3394 quo
1017 3297 1323 3386 habitam
1384 3297 1767 3384 amiserant.
1810 3293 2164 3392 'Equidem
2229 3316 2278 3368 a

334 3418 676 3515 principio
708 3471 731 3505 ,
781 3443 941 3489 cum
978 3419 1324 3490 Etruriam
1383 3421 1746 3490 coniurare
1780 3471 1802 3507 ,
1841 3412 2274 3511 proscriptos

333 3539 683 3630 accersiri,
713 3532 1190 3637 largitionibus
1219 3537 1561 3634 rempubl.
1591 3538 1874 3611 lacerari
1904 3535 2269 3628 videbam,

335 3662 820 3733 maturandum
898 3662 1222 3757 putabam
1257 3717 1280 3751 ,
1316 3665 1393 3732 &
1446 3661 1679 3733 Catuli
1735 3658 2058 3749 consilia,
2111 3684 2274 3733 cum

337 3784 574 3881 paucis
623 3783 896 3884 secutus
938 3784 1112 3859 sum.
1165 3787 1498 3858 Ceterum
1529 3788 1675 3879 illi,
1702 3789 1843 3887 ,qui
1873 3789 2095 3887 gentis
2139 3789 2278 3858 Ae·
2333 3887 2338 3890 ¹

1268 4116 1294 4167 ἱ
