2787 4602
849 352 1589 434 1·UGURT·H
1647 347 1740 431 Αἰ
2063 349 2387 453 ·¹39'

284 516 723 640 ,praesidium
762 515 1182 616 impofitum.
1211 518 1415 610 Quae
1448 518 1729 616 negotia
1746 513 1972 589 multo
1994 518 2255 615 magis,

312 668 524 744 quam
558 620 915 742 ‘praelium
965 640 1144 712 male
1193 658 1575 737 pugnatum
1636 640 1723 712 ab
1786 639 1965 730 suiS,
2016 664 2266 738 regem,-

314 762 687 840 terrebant.
705 763 999 859 quippe
1055 762 1167 834 cui
1206 779 1226 811 ¹
1265 760 1430 860 spes
1466 762 1692 836 omnis
1735 763 1809 835 in
1862 761 2023 860 filga
2072 762 2194 834 fita
2224 816 2254 853 ,

312 882 507 983 sequi
559 883 974 996 cogebatur3
1027 902 1097 955 et
1146 881 1265 981 qui
1302 880 1432 958 sua
1479 863 1637 956 loca
1703 883 2071 979 defendere
2122 908 2252 955 ne-

312 1006 672 1108 quiverat,
729 1006 800 1079 in
876 1004 1113 1086 alienis
1170 1004 1447 1075 bellum
1479 1029 1737 1101 gerere.
1793 1006 2061 1077 Tamen
2099 1023 2125 1055 2
2162 1032 2250 1079 ex

309 1129 554 1236 copia,
587 1130 782 1228 quod
815 1145 1185 1225 optumum
1207 1126 1617 1216 videbatur,
1648 1126 2005 1200 confilium
2026 1131 2248 1226 capit.

312 1252 697 1360 exercitum
729 1250 1173 1350 plerumque
1158 1276 1228 1321 1n
1250 1248 1465 1322 isdem
1494 1249 1668 1321 locis
1693 1247 2000 1345 opperiri
2021 1248 2250 1338 iubet;

313 1371 458 1470 ipse
509 1398 666 1446 cum
722 1372 999 1446 delectis
1068 1371 1417 1472 equitibus
1487 1371 1855 1446 Metellum
1898 1368 2251 1468 sequitur,

314 1494 669 1566 nocturnis
717 1496 806 1580 fet
855 1494 1027 1568 aviis
1073 1495 1435 1595 itineribus
1475 1494 1834 1593 ignoratus
1890 1497 2252 1568 Romanos

206 1646 213 1652 ·
310 1615 603 1716 palantis
645 1634 953 1714 repente
982 1618 1401 1715 adgreditur.
1430 1644 1675 1691 eorum
1706 1618 2021 1715 plerique
2065 1615 2252 1687 iner-

313 1762 461 1809 mes
526 1737 780 1809 cadunt
801 1791 824 1827 ,
894 1740 1099 1811 multi
1162 1741 1530 1836 capiuntur
1587 1767 1604 1810 :
1670 1765 1879 1811 nemo
1935 1737 2256 1809 omnium

314 1857 607 1931 intactus
660 1859 1015 1957 profugit,
1089 1878 1160 1932 et
1235 1862 1578 1933 Numidae
1600 1914 1625 1950 ,
1691 1839 2089 1957 priusquam
2167 1879 2255 1926 ex
2325 1861 2328 1870 “

313 1976 546 2053 castris
600 1978 1085 2064 subveniretur
1105 2036 1128 2071 ,
1168 1982 1366 2054 ficuti
1400 1983 1547 2055 iuffi
1595 2002 1789 2056 erant
1815 1981 1942 2073 ,in
1989 2004 2258 2077 proxu-
2351 1970 2360 1978 ⁸

310 2105 469 2172 'mos
521 2100 718 2192 collis
783 2100 1164 2177 discedunt.
1233 2105 1517 2176 Interim
1585 2107 1854 2195 Romae
1927 2101 2253 2202 gaudium
2289 2124 2369 2205 55

313 2222 555 2329 ingens
601 2242 839 2296 ortum
859 2217 899 2314 ,⁶
938 2224 1233 2323 cognitis
1286 2226 1555 2298 Metelli
1593 2228 1797 2320 rebus
1833 2243 1953 2298 :ut
1992 2245 2011 2289 3
2045 2224 2255 2325 seque

317 2364 391 2419 et
447 2347 829 2419 exercitum
866 2372 1063 2419 more
1105 2349 1454 2422 maiorum-
1490 2370 1799 2448 gereret3
1838 2352 1911 2424 in
1951 2347 2255 2422 advorso

316 2466 486 2540 loco
512 2523 539 2556 ,
585 2468 815 2540 victor
869 2485 1102 2540 tamen
1130 2470 1396 2547 virtute
1422 2462 1689 2558 fiiiffet3
1742 2470 2045 2544 hostium
2087 2494 2258 2567 agro

315 2590 714 2689 potiretur·
695 2644 719 2676 ,
769 2590 1217 2687 Iugurtham,
1251 2591 1692 2690 magnificum
1723 2619 1809 2665 ex
1833 2593 2016 2683 Auli
2026 2591 2259 2665 secor-

314 2710 482 2800 dia,
520 2707 709 2806 spem
753 2709 1044 2784 salutis
1025 2740 1099 2785 1n
1125 2713 1542 2804 solitudine,
1567 2733 1687 2788 aut
1717 2715 1886 2812 fuga
1928 2711 2259 2813 coegisset

317 2831 600 2907 habere.
678 2837 921 2940 Itaque
1012 2838 1301 2917 Senatus
1368 2838 1511 2976 ΟΒ
1582 2841 1703 2911 EA
1783 2835 2282 2926 FELICITER,

324 3164 329 3171 .
410 3112 434 3151 1
479 3088 568 3167 sc.
593 3094 918 3178 Iugurthae.
962 3097 1018 3158 Is
1052 3100 1230 3171 etiam
1353 3101 1464 3164 fide
1488 3102 1691 3166 Guelf.
1716 3129 1762 3179 4.
1790 3126 1824 3164 a
1858 3105 2048 3185 prima
2085 3126 2261 3165 manu

318 3193 536 3254 invitus
560 3198 861 3296 pendebat·
887 3199 958 3260 ab
982 3202 1232 3285 inceptis
1355 3206 1633 3289 rescripsit
1663 3208 1830 3271 Cort.
1859 3208 2105 3269 Librarii
2126 3212 2257 3282 ,in-

318 3298 584 3389 Metelli,
642 3310 697 3360 &
755 3318 884 3362 cum
928 3304 1023 3367 sua
1066 3308 1228 3384 loca,
1354 3316 1523 3397 quit,
1550 3316 1957 3375 non'viderunt
1983 3361 2001 3390 ,
2029 3300 2260 3397 copiam

321 3401 467 3486 'quiri
504 3425 876 3486 caperentur,
916 3403 1231 3491 'prohibere
1353 3412 1464 3476 e‘ffe
1518 3419 1867 3480 occasionem
1888 3466 1907 3495 ,
1978 3418 2086 3479 five
2146 3420 2212 3480 id
2241 3461 2268 3494 ,-
2305 3422 2306 3425 ’
2377 3397 2386 3407 .

250 3561 254 3564 Α
320 3504 662 3592 nequivisset
682 3513 832 3586 ,iam
857 3516 920 3572 in
937 3513 1231 3594 alienatis,
1357 3522 1519 3605 quod
1551 3514 1837 3605 suppetit,
1876 3525 2036 3586 nulla
2060 3526 2264 3588 defini-

319 3634 511 3700 eoque
552 3619 722 3677 etiam
761 3620 997 3702 iniquis
1011 3621 1227 3684 bellum
1349 3629 1512 3715 tione
1551 3631 1792 3715 magni,
1830 3654 1923 3695 aut
1966 3634 2149 3717 parvi.
2187 3633 2260 3694 cf.

319 3742 520 3821 gerere
547 3724 874 3807 cogebatur.
988 3790 991 3793 ,
1356 3730 1531 3818 supra
1557 3758 1631 3819 39
1665 3746 1721 3797 &
1759 3738 1909 3800 infra
1943 3746 2044 3812 98.

409 3850 441 3887 2
472 3828 570 3889 Sic
600 3852 714 3913 pro
746 3831 900 3914 vulg.
949 3855 1020 3893 ex
1054 3835 1235 3923 mopia
1442 3859 1473 3918 3
1519 3838 1577 3906 h.
1616 3839 1660 3903 l.
1709 3837 2028 3930 quomodo.
