2787 4602
544 446 739 547 ηε
1072 429 1966 517 sALLUsT11

616 602 717 705 In
771 606 1001 680 Sicilia
1051 604 1148 677 est
1189 603 1575 677 Enceladus
1601 656 1626 693 ,
1672 600 1964 676 Othus
1947 626 2021 673 m
2068 601 2326 694 Creta,
2376 599 2490 674 se·-
2584 570 2594 589 t

541 731 847 804 cundum
904 725 1324 801 Sallustium.
1389 729 1598 796 Idem.

639 848 993 922 Sallustius
1054 849 1198 938 ait,
1262 842 1728 943 Hispanorum
1792 868 2064 917 morem
2113 844 2311 918 fuiffe
2334 898 2358 935 ‚
2405 852 2494 917 ut

540 972 612 1044 in
654 971 836 1043 bella
893 970 1216 1042 euntibus
1274 967 1644 1041 iuvenibus
1699 985 2065 1063 parentum
2117 966 2291 1039 faeta
2336 990 2503 1038 ine-

540 1109 910 1165 morentur
965 1118 1004 1164 a
1045 1088 1403 1164 matribus.
1452 1093 1658 1163 Idem.
2335 1174 2345 1187 ·

638 1215 867 1287 Orion
887 1267 911 1305 ‚
958 1214 1151 1285 iuxta
1198 1211 1589 1287 Sallustium
1615 1265 1640 1302 ‚
1683 1211 1911 1285 oritur
1941 1210 2137 1285 iuxta
2177 1210 2340 1286 solis
2368 1238 2486 1286 ae·-

543 1334 698 1407 stivi
736 1332 1034 1432 pulsum.
1094 1338 1302 1406 Idem.
1407 1334 1415 1355 “

639 1483 716 1551 In
778 1480 1117 1565 Flaminia
1159 1479 1255 1552 est
1300 1481 1546 1554 civitas
1613 1507 1790 1580 quae
1840 1473 2010 1553 Cale
2051 1481 2306 1553 dicitur
2332 1529 2360 1572 ,
2412 1500 2488 1556 et
2614 1474 2618 1479 ⁵

540 1603 614 1674 in
683 1601 912 1673 Gallia
981 1602 1120 1675 hoc
1179 1604 1465 1675 nomine
1500 1656 1524 1693 ‚
1574 1628 1784 1701 quam
1834 1600 2187 1676 Sallustius
2236 1629 2277 1675 a
2329 1605 2486 1677 Per·¹

538 1749 768 1822 penna
815 1740 1117 1831 captam!
1139 1743 1675 1799 commemorat.
1734 1729 1940 1798 Idem.

578 1860 581 1861 ἡ
639 1884 862 1953 Getae
924 1877 1080 1952 sunt
1140 1879 1348 1978 Myfii
1380 1933 1405 1970 ‚
1446 1903 1628 1978 quos
1682 1878 2035 1953 Sallustius
2086 1907 2127 1953 a
2181 1878 2486 1954 Lucullo

543 2003 716 2076 dicit
769 2001 901 2074 effe
952 2001 1332 2098 superato&
1404 2006 1611 2075 Idem.

340 2192 353 2201 .
476 2140 508 2171 ⁶
636 2124 1117 2209 Troianorum
1165 2141 1487 2220 tempore
1537 2123 2089 2215 invadendamm
2142 2142 2488 2201 terrarum

537 2246 765 2321 cauffa
811 2246 1037 2320 fuerat
1092 2247 1503 2346 navigatio,
1567 2248 1674 2321 uti
1727 2247 2079 2323 Sallustius
2141 2248 2484 2383 meminit.

535 2374 739 2441 Idem.

462 2593 471 2604 „
636 2492 971 2577 Curribus
1011 2490 1277 2565 falcatis
1317 2491 1478 2566 usos
1536 2493 1674 2568 effe
1722 2496 2048 2594 antiquos
2072 2548 2096 2585 ‚
2129 2494 2369 2602 Livius
2407 2512 2482 2566 et

536 2612 887 2686 Sallustius
934 2614 1215 2687 docent,
1260 2619 1465 2689 Idem.

547 2837 551 2848 p
637 2759 847 2831 Vices
879 2743 1259 2855 significant
1314 2783 1662 2855 pugnam,
1700 2763 1866 2861 quia
1911 2775 2037 2860 per
2084 2761 2480 2837 vicissitudi-

431 2923 437 2928 ·
535 2906 699 2955 nem
751 2875 1189 2978 pugnabatur
1216 2934 1240 2971 ‚
1293 2899 1372 2952 ut
1424 2881 1652 2981 inquit
1691 2885 2064 2959 Sallustius.
2123 2891 2327 2957 Idem.
2434 2958 2444 2976 ,

634 3028 846 3098 Creta
902 3025 1138 3097 medio
1211 3025 1390 3098 iacet
1442 3024 1658 3099 insula
1705 3047 1979 3124 pont0‚
2021 3029 2096 3126 id*
2142 3028 2239 3100 est
2282 3082 2307 3119 ‚
2386 3026 2481 3120 se-

536 3150 842 3252 cundum
895 3146 1328 3241 Sallustium,
1385 3155 1637 3247 procul
1675 3147 1740 3224 'a
1790 3152 2218 3260 continenti.
2269 3155 2477 3226 Idem.

634 3295 869 3374 Primo
899 3300 1130 3372 mense
1154 3301 1337 3373 veris
1375 3291 1633 3375 dicitur
1659 3328 1925 3376 novum
1959 3330 2092 3396 ver¹
2112 3359 2134 3395 ‚
2168 3302 2477 3377 secundo

532 3448 662 3498 ver
698 3425 1013 3496 adultum
1045 3478 1071 3515 ‚
1113 3423 1326 3495 tertio
1367 3451 1736 3522 praeceps:
1780 3426 1950 3499 ficut
1989 3409 2199 3500 etiam
2246 3422 2472 3497 Sallu-

534 3544 696 3616 stius
762 3546 930 3617 dicit
987 3545 1305 3644 ubique,
1358 3572 1551 3622 nova
1602 3527 1813 3623 aestas
1842 3604 1868 3642 ‚
1935 3549 2169 3622 adulta
2199 3601 2224 3638 ‚
2282 3569 2478 3643 prae-

535 3692 717 3764 ceps,
768 3672 972 3741 Idem.

628 3772 979 3864 Sallustius
1043 3790 1115 3860 in
1172 3788 1488 3893 Historiis
1542 3794 1754 3864 tradit
1782 3847 1805 3881 ‚
1878 3794 2265 3866 Sertorium
2319 3790 2474 3864 vic·
2577 3835 2582 3838 -

530 3933 683 4014 gum
715 3912 1012 3993 voluiss'e
1053 3911 1291 4012 fugere
1342 3915 1428 3989 ad
1467 3914 1718 3991 insulas
1762 3915 2172 4008 fortunatas,
2219 3920 2468 3990 Acron.
