2787 4602
1348 544 1494 608 IN

914 710 1999 857 SALLusT1uM-

710 1000 2153 1106 DECLAMATIO

1263 1266 1579 1342 QUAE

1789 1394 1795 1496 i

615 1488 1129 1559 CICERONI
1183 1490 1523 1559 FALSO
1604 1486 2229 1553 TRIBUITUR.

1409 1718 1463 1793 1.

448 1843 616 1991 Ea
652 1912 935 1984 demum
981 1937 1230 2012 magna
1263 1914 1595 2010 voluptas
1632 1912 1729 1987 est
1746 1910 2051 2008 ,Crispe
2078 1906 2395 1998 Sallusti,

446 2032 810 2130 aequalem
872 2058 952 2109 ac
1006 2058 1244 2129 parem
1292 2033 1525 2108 verbis
1578 2033 1798 2107 vitam
1849 2056 2052 2129 agere
2078 2083 2105 2119 ,
2145 2051 2390 2126 ,neque

445 2146 826 2249 quidquam
874 2169 1017 2228 tam
1069 2150 1451 2259 obscenum
1493 2152 1725 2225 dicere
1743 2205 1782 2242 θ
1811 2153 1924 2229 cui
1961 2177 2107 2225 non
2138 2150 2227 2225 ab
2252 2149 2390 2221 ini-

441 2273 550 2347 tio
583 2273 931 2369 pueritiae
975 2274 1173 2349 omni
1212 2297 1465 2374 genere
1500 2271 1831 2352 facinoris
1873 2286 2061 2351 aetas
2107 2288 2229 2348 tua
2259 2267 2398 2343 refi-

442 2399 798 2500 pondeat,
834 2417 915 2473 ut
957 2385 1187 2476 omnis
1216 2400 1449 2475 oratio
1489 2398 1802 2476 moribus
1843 2394 2208 2475 consonet.
2249 2396 2393 2471 Ne-

442 2547 582 2618 que
626 2521 862 2610 ,enim‚
894 2520 1019 2618 qui
1070 2521 1168 2594 ita
1217 2520 1447 2610 vivit,
1490 2520 1595 2599 uti
1628 2539 1711 2594 tu
1749 2575 1773 2612 ,
1826 2520 2062 2605 aliter,
2119 2540 2198 2588 ac
2255 2532 2390 2606 tu,

435 2641 637 2739 ‚loqui
698 2641 926 2739 potest
989 2669 1009 2717 ε
1063 2636 1333 2742 neque,
1384 2644 1507 2742 qui
1580 2661 1724 2712 tam
1782 2638 1992 2714 illoto
2059 2634 2380 2711 sermone

438 2763 704 2851 utitur,
766 2762 914 2838 vita
968 2762 1328 2839 honestior
1383 2758 1502 2833 est.
1559 2762 1731 2853 Quo
1784 2785 1897 2838 me
1938 2778 2212 2837 vertam
2232 2817 2258 2852 ‚
2306 2763 2394 2835 P.

318 2911 321 2914 ’
437 2888 563 2962 C.?
618 2886 804 2967 unde
843 2886 1430 2959 initium2sumam
1468 2883 1497 2956 ἓ
1539 2884 1760 2957 maius
1808 2884 1992 2956 enim
2052 2885 2223 2959 mihi
2272 2884 2381 2958 di·-

436 3009 641 3084 cendi
682 3034 861 3080 onus
920 3008 1307 3104 imponitur
1332 3060 1357 3096 ‚
1416 3031 1563 3105 quo
1625 3007 1867 3082 notior
1919 3003 2017 3076 est
2075 3023 2379 3105 uterque

437 3130 778 3210 nostrum.
840 3129 1060 3222 Quod
1117 3129 1166 3200 fi
1212 3147 1332 3200 aut
1392 3129 1480 3201 de
1535 3151 1689 3200 mea
1747 3125 1898 3203 vita
1940 3178 1963 3215 ‚
2015 3145 2224 3224 atque
2280 3152 2389 3201 ac-

434 3253 621 3330 tibus
652 3306 676 3341 ,
720 3251 885 3325 huic
931 3249 1395 3326 conviciatori
1434 3246 1908 3348 respondero,
1940 3248 2204 3328 invidia·
2240 3251 2388 3349 glo.
2455 3269 2466 3279 ·
2523 3239 2526 3246 “

433 3377 607 3451 riam
659 3370 1127 3470 consequetur
1170 3395 1189 3440 ε
1238 3387 1357 3442 aut
1385 3424 1410 3460 ,
1453 3370 1502 3447 fi
1563 3370 1765 3447 huius
1824 3370 2064 3463 ffasta,
2094 3398 2328 3448 mores
2354 3427 2381 3462 ,

434 3520 721 3569 omnem
774 3512 1072 3570 aetatem
1129 3489 1491 3571 nudavere
1527 3548 1550 3584 ,
1602 3494 1675 3566 in
1726 3495 1910 3572 idem
1962 3494 2216 3574 vitium
2269 3496 2382 3573 in-

435 3619 660 3697 cidam
729 3616 1170 3718 procacitatis
1207 3670 1230 3705 ‚
1270 3616 1466 3714 quod
1513 3599 1675 3692 huic
1721 3601 2007 3694 obiicioss
2059 3617 2135 3688 Id
2190 3641 2325 3693 vos
2356 3690 2383 3728 ‚

433 3742 483 3830 fi
550 3740 734 3817 forte
798 3739 1287 3829 offendimini,
1345 3736 1583 3814 iustius
1642 3739 1805 3814 huic
1836 3790 1860 3827 ,
1904 3763 2114 3838 quam
2160 3741 2377 3829 mihi,

321 3886 324 3888 “
434 3861 831 3944 succensere
892 3861 1201 3951 dehetis,
1259 3863 1379 3962 qui
1420 3862 1697 3939 initium
1744 3862 2157 3940 introduxit.
2226 3866 2376 3961 Ego
