2787 4602
535 349 679 423 ²4³-
890 354 918 371 ³
1021 324 1990 414 :SALLUSTH‘
2167 326 2204 403 ἶ

529 490 716 590 nibal
754 516 781 581 ,·
812 489 1031 584 quis
1073 488 1544 585 opportunius
1595 486 1913 585 patefeci.
1993 485 2258 585 Recepi
2307 488 2479 562 Gal-

526 614 691 685 liam
720 668 743 704 ,
786 616 1263 712 Pyrenaeum,
1297 611 1721 683 Laletaniam
1743 664 1765 700 ‚
1800 610 2125 708 Indigetis
2173 636 2189 682 :
2229 631 2300 686 et
2337 615 2484 710 pri·-

525 763 719 810 mum
773 737 1121 834 impetum,
1176 735 1468 808 Sertorii
1514 733 1845 837 vifitoris2
1897 735 2104 806 novis
2146 735 2482 822 militibus
2533 740 2540 747 ’

526 880 598 932 et
652 860 884 933 multo
922 858 1431 957 paucioribus,
1485 853 1778 957 *sustinui*
1816 864 1846 924 ε’
1899 854 2344 955 hiememque
2405 860 2480 932 in

523 980 757 1056 castris
808 983 992 1055 inter
1028 956 1477 1056 saeviffumo‘s
1512 975 1742 1063 hostes
1773 1030 1796 1068 ‚
1845 1003 1992 1049 non
2016 1003 2142 1077 per
2174 983 2480 1078 oppida,

524 1130 754 1204 neque
805 1130 893 1177 ex
936 1104 1320 1183 ambitione
1379 1127 1574 1191 mea,
1622 1100 1770 1199 egi.1
1812 1101 2009 1193 Quid
2051 1102 2212 1177 dein
2271 1131 2479 1201 prae-

524 1228 616 1300 lia
643 1282 668 1320 ,
737 1245 857 1301 aut
907 1226 1390 1325 expeditiones
1461 1224 1832 1314 hibernas,
1889 1225 2149 1321 oppida
2206 1226 2432 1301 excisa
2453 1282 2483 1318 ,

431 1432 451 1455 .
522 1369 644 1425 aut
690 1370 970 1447 recepta
1010 1349 1488 1429 enumerem?
1549 1348 1833 1446 quando
1876 1373 1985 1422 res
2032 1349 2188 1445 plus
2240 1351 2477 1444 valet,

524 1498 735 1571 quam
778 1474 1016 1550 verba.
1051 1471 1287 1545 Castra
1329 1470 1633 1544 hostium
1674 1471 1861 1567 apud
1889 1472 2272 1544 Sucronem
2313 1499 2481 1570 cap-

523 1613 637 1689 ta,
695 1614 767 1667 et
826 1595 1165 1690 praelium
1223 1595 1410 1693 apud
1477 1593 1740 1666 flumen
1788 1594 2141 1685 Durium,
2207 1613 2281 1667 et
2331 1596 2482 1667 dux

521 1714 839 1795 hostium:
862 1718 948 1789 C.
990 1716 1379 1790 Herennius
1414 1742 1574 1790 cum
1606 1715 1779 1788 urhe
1813 1704 2140 1789 Valentia
2167 1735 2238 1793 et
2273 1742 2479 1790 exer·-

524 1840 672 1937 citu
720 1840 936 1917 deleti
967 1892 993 1931 ,
1033 1838 1191 1914 satis
1235 1841 1428 1913 clara
1476 1839 1686 1913 vobis
1734 1838 1893 1919 sunt
1927 1865 1945 1912 ε
1983 1865 2115 1937 pro
2172 1839 2327 1938 quis
2349 1853 2393 1931 ‚‘
2427 1865 2475 1912 o

505 1964 698 2062 'grati
745 1938 974 2058 patres
993 2016 1020 2052 ,
1084 1961 1482 2060 egestatem·
1524 1962 1594 2034 et
1649 1960 1902 2034 famem
1952 1961 2262 2036 redditis.
2333 1964 2484 2035 Ita·

524 2109 665 2182 que
724 2110 891 2159 meo
948 2103 1021 2157 et
1067 2084 1373 2157 hostium
1417 2085 1761 2169 exercitui¹
1814 2110 1943 2182 par
1982 2086 2302 2159 conditio
2351 2086 2474 2160 est.

527 2208 848 2306 Namque
885 2204 1299 2301 stipendium
1329 2207 1563 2279 neutri
1607 2208 1813 2280 datur
1849 2235 1869 2279 ε
1899 2207 2125 2311 victor
2168 2227 2472 2307 uterque

520 2330 597 2401 in
628 2331 893 2404 Italiam
930 2332 1173 2405 venire
1215 2328 1468 2427 potest.
1540 2331 1762 2422 Quod
1811 2356 1943 2428 ego
1987 2356 2125 2407 vos
2164 2357 2480 2422 moneO,

525 2452 924 2553 quaesoque
963 2470 1045 2527 ut
1096 2452 1669 2528 animadvortatis
1687 2508 1712 2543 ‚
1746 2479 1887 2527 neu
1908 2485 1912 2492 ¹
1931 2457 2198 2552 cogatis
2231 2454 2475 2528 neces-

522 2577 832 2651 fitatibus
872 2576 1213 2674 privatim
1260 2578 1433 2650 mihi
1482 2576 1867 2650 consulere.
1925 2575 2320 2674 Hispaniam
2371 2578 2475 2651 ci·

527 2700 862 2774 teriorem
899 2753 924 2790 ,
993 2724 1174 2797 quae
1235 2721 1380 2772 non
1436 2700 1523 2771 ab
1576 2698 1887 2773 hostibus
1942 2718 2223 2774 tenetur
2246 2757 2271 2791 ,
2339 2724 2478 2773 nos

524 2840 647 2895 aut
677 2823 1025 2894 Sertorius
1074 2821 1161 2894 ad
1188 2821 1742 2896 internecionem
1768 2821 2232 2910 vastavimus;
2266 2847 2489 2920 prae«

525 2963 636 3017 ter
692 2944 1095 3018 maritumas
1149 2944 1468 3018 civitates
1498 2997 1524 3036 ,
1581 2970 1758 3044 quae
1798 2946 1989 3017 ultro
2029 2943 2233 3017 nobis
2280 2943 2474 3016 sum-

524 3065 633 3139 tui
685 3063 1047 3163 onerique.
1113 3064 1350 3139 Gallia
1397 3066 1751 3163 superiore
1801 3092 1986 3139 anno
2025 3066 2295 3140 Metelli
2345 3092 2471 3140 ex-

527 3187 823 3262 ercitum
886 3186 1230 3284 stipendio
1303 3187 1803 3286 frumentoque
1865 3187 2037 3260 aluit
2091 3212 2111 3259 ε
2166 3207 2238 3261 et
2282 3205 2470 3261 nune

525 3312 750 3385 malis·
793 3309 1129 3388 fructibus
1191 3307 1335 3407 ipsa
1391 3310 1520 3382 vix
1584 3310 1821 3409 agitat.
1902 3313 2051 3410 Ego
2116 3338 2263 3399 non
2321 3336 2473 3386 rem

526 3430 935 3504 familiarem
985 3432 1258 3524 modo,
1292 3458 1544 3506 verum
1592 3434 1801 3507 etiam
1850 3435 2062 3507 fidem
2101 3432 2461 3507 consumfi.

527 3543 809 3651 Reliqui
852 3578 990 3628 vos
1042 3553 1193 3628 estis
1241 3582 1261 3628 τ
1313 3539 1436 3655 qui
1476 3554 1597 3627 nifi
1654 3555 2034 3630 subvenitis
2058 3608 2083 3646 ,
2132 3555 2368 3629 invito
2398 3572 2471 3627 et

528 3677 968 3781 praedicente
1011 3703 1121 3751 me
1143 3732 1168 3768 ‚
1219 3683 1562 3753 exercitus
1591 3679 1752 3753 hinc
1789 3734 1814 3771 ,
1860 3698 1931 3753 et
1980 3703 2141 3751 cum
2177 3705 2265 3752 eo
2311 3704 2470 3752 om·-

532 3825 637 3899 ne.
656 3798 928 3875 bellum
985 3799 1378 3897 Hispaniae·
1420 3803 1494 3874 in
1543 3802 1810 3875 Italiam
1856 3801 2482 3898 transgredientur&
