2787 4602
852 405 1732 480 IUGURTHA
2114 429 2276 505 ηρ

337 570 475 660 rius
532 586 691 641 cum
748 558 1014 640 maiore
1053 565 1413 666 aliquanto
1460 594 1823 659 ‘nume-m,
1879 593 2091 667 quam
2152 569 2280 641 de-

336 707 600 770 cretum
639 709 789 764 erat
811 745 834 782 ‚
875 681 949 762 in
980 689 1284 763 Africam
1300 691 1661 788 profectus
1691 746 1715 783 ,
1758 692 2001 766 diebus
2040 692 2281 789 paucis

335 816 614 886 Uticam
657 814 1046 886 advehitur.
1093 815 1453 887 Exercitus
1492 815 1900 887 ei.traditur
1950 839 1991 885 a
2017 814 2090 888 P.
2124 814 2278 893 Ru,-

330 937 491 1007 tilio
550 924 802 1032 legato.
859 956 1018 1036 nam
1066 937 1395 1027 Metellus
1436 922 1881 1035 conspeestum
1924 938 2127 1011 Marii
2165 935 2281 1008 fu-
2368 961 2385 998 ³

329 1075 529 1154 gerat
573 1082 590 1126 ε
633 1085 719 1130 ne
758 1050 1032 1132 videret
1085 1077 1213 1150 ea,
1260 1085 1439 1158 quae
1502 1060 1738 1132 audita
1785 1060 2054 1133 animus
2094 1058 2283 1131 tole-

335 1206 489 1252 rare
559 1182 990 1280 nequiverat.
1061 1185 1194 1264 Sed
1223 1181 1510 1274 consul,
1548 1183 1839 1279 expletis
1888 1166 2279 1280 legionibus
2310 1188 2404 1281 87

335 1303 892 1421 cohortibusque
934 1306 1356 1398 auxiliariis,
1425 1305 1498 1378 in
1547 1330 1787 1403 agrum
1843 1300 2144 1374 fertilem
2213 1318 2285 1371 et

339 1426 591 1522 praeda
631 1426 960 1516 onustum
989 1426 1475 1525 proficiscitur.
1523 1426 1760 1501 omnia
1786 1425 1884 1497 ibi
1914 1440 2115 1519 capta
2150 1420 2286 1492 mi—

335 1546 572 1618 litibus
620 1548 860 1622 donat.
932 1550 1092 1621 dein
1139 1546 1445 1623 castella
1473 1568 1545 1622 et
1602 1549 1864 1646 oppida
1910 1563 2157 1617 natura
2210 1558 2284 1613 et

290 1757 295 1763 ⁷
336 1668 507 1739 viris
557 1694 801 1764 parum
857 1671 1128 1741 munita
1171 1669 1572 1766 adgreditur
1614 1697 1631 1741 t
1686 1671 1946 1766 praelia
2006 1666 2226 1740 multa
2255 1717 2283 1756 ‚

339 1782 652 1858 ceterum
683 1787 814 1859 alia
859 1788 1044 1860 levia
1072 1788 1218 1860 aliis
1265 1790 1441 1874 locis
1480 1789 1727 1862 facere.
1786 1790 2069 1862 Interim
2106 1787 2286 1860 novi

312 1906 594 1981 ,milites
648 1904 787 1979 fine
828 1900 1024 1980 metu
1083 1933 1353 2006 pugnae
1405 1910 1679 1983 adesse:
1732 1910 1973 1984 videre
1998 1907 2285 2004 fugien-

339 2029 427 2099 tis
446 2030 633 2124 capi,
656 2029 923 2114 occidi:
961 2027 1429 2128 fortissumum
1454 2056 1804 2130 quemque
1835 2007 2282 2103 tutiffimum:

324 2150 542 2223 armis
579 2150 969 2223 libertatem
986 2205 1009 2241 ,
1047 2148 1350 2247 patriam·
1377 2171 1838 2253 parentesque
1868 2170 1938 2244 et
1968 2150 2098 2225 alia
2124 2175 2282 2237 om·-

322 2273 454 2344 ·nia
483 2253 672 2369 tegi:
717 2273 1007 2369 gloriam
1040 2292 1250 2372 atque
1294 2274 1570 2348 divitias
1613 2276 1874 2376 quaeri.
1918 2273 2028 2370 Sic
2078 2270 2280 2347 brevi
2373 2312 2380 2320 ·

339 2389 565 2489 spatio
605 2396 780 2469 novi
828 2412 1242 2492 veteresque
1297 2396 1659 2510 coa‘luere,
1718 2416 1789 2471 et
1852 2396 2076 2468 virtus
2116 2418 2279 2465 om-

339 2516 538 2589 niu-m
602 2514 907 2613 aequalis
959 2514 1161 2588 facta.
1241 2518 1337 2588 At
1377 2543 1573 2614 reges
1599 2571 1622 2608 ‚
1674 2518 1795 2590 ubi
1850 2517 1935 2588 de
1968 2516 2282 2591 adventu

323 2638 547 2709 .Marii
565 2654 1086 2733 cognoverunt,
1108 2637 1365 2710 divorfi
1381 2638 1454 2708 in
1473 2638 1671 2710 locos
1686 2638 1978 2710 difficilis
1997 2636 2280 2714 abeunt.
2315 2731 2321 2736 ⁶

325 2762 446 2831 -Ita
476 2760 844 2857 Iugurthae
873 2759 1227 2856 placuerat
1249 2813 1273 2849 ‚
1301 2756 1644 2855 speranti,
1663 2784 1829 2831 mox
1859 2755 2107 2830 effusos
2141 2758 2280 2829 ho-

322 2878 466 2951 -sti‘s'
485 2879 738 2952 ‘invadi
787 2879 1015 2975 poffe3
1045 2880 1406 2952 Romanos
1437 2934 1461 2970 ‚
1488 2880 2085 2980 ficuti0plerosque
2105 2935 2129 2972 ,
2162 2907 2278 2953 re-
2329 2930 2338 2940 =

343 3021 548 3074 moto
583 3020 817 3092 metu,
853 3002 1070 3073 laxius
1110 3000 1568 3099 licentiusque
1606 3000 1901 3079 futuros.
1954 3006 2277 3078 Metellus
2311 3023 2404 3098 88

324 3123 611 3194 -interea
658 3122 1360 3220 Romamsprofectus
1390 3178 1417 3215 ‚
1491 3142 1738 3197 contra
1802 3124 1990 3221 spem
2043 3125 2280 3219 suam,

318 3244 744 3317 ’laetissumis
798 3245 1054 3345 animis⁴
1094 3246 1483 3342 excipitur:
1534 3246 1721 3343 plebi
1772 3246 2221 3345 patribusque
2243 3300 2283 3341 ,

347 3362 714 3471 postquam
752 3365 1012 3441 invidia
1039 3368 1456 3458 decefferat,
1497 3364 1690 3439 iuxt'a
1725 3392 1941 3440 carus.
1984 3369 2117 3440 Sed
2136 3372 2281 3456 Ma-

319 3483 548 3602 'rius
520 3489 817 3598 impigre
846 3489 1370 3604 prudenterque
1407 3467 1690 3561 suorum
1729 3506 1800 3560 et
1838 3486 2138 3564 hostium
2169 3507 2282 3567 r'es

350 3579 627 3705 pariter
664 3587 1085 3722 adtendere,
1145 3609 1562 3709 cognoscere
1612 3611 1781 3709 quid
1834 3611 2005 3683 boni
2071 3615 2280 3687 utris-

328 3758 541 3830 que,
602 3753 721 3805 aut
763 3714 1009 3807 contra
1053 3731 1269 3820 effet3
1310 3731 1673 3830 explorare
1715 3732 1960 3805 itinera
2001 3757 2281 3829 regum,

325 3853 637 3937 .c0nfilia
681 3873 754 3934 et
791 3855 1060 3938 ,infidias
1112 3856 1572 3967 antevenire:
1621 3856 1796 3932 nihil
1814 3856 2028 4039 §lpud
2064 3852 2130 3929 se
2170 3879 2286 3952 πει-3

1950 3977 1989 4026 2.
