2787 4602
1982 107 2031 132 v

1936 169 1973 202 α
2078 180 2092 193 .

497 336 638 433 ηε
783 439 786 440 ἦ
1071 290 1989 436 εΑιιυετῐῑῇ

492 522 614 597 gas
652 516 724 574 et
766 497 944 575 alios
999 516 1446 597 opportunos
1466 554 1489 590 ‚
1536 500 1867 599 Iugurtha
1910 498 2035 575 ubi
2080 496 2389 599 gentium
2404 513 2441 592 ,5

493 627 616 695 aut
657 623 826 722 quid
874 622 1204 721 agitaret,
1267 647 1430 695 cum
1487 623 1813 719 paucisne
1854 620 2067 712 effet,
2119 647 2207 694 an
2234 647 2441 695 ‘exer-1

493 744 713 817 citum
775 744 1066 816 haberet
1098 797 1123 833 ,
1178 744 1284 814 uti
1335 741 1473 815 sese
1539 744 1759 817 victus
1814 763 2082 842 gereret
2106 798 2130 834 ‚
2183 743 2437 842 explo-

498 884 731 939 ratum
806 866 1004 939 mifit.
1082 868 1176 938 At
1249 865 1366 937 ille
1424 864 1562 939 sese
1622 866 1696 937 in
1754 867 1913 940 loca
1985 864 2279 941 saltuosa
2365 885 2439 939 et

495 1007 744 1061 natura
788 991 1056 1062 munita
1118 1003 1552 1086 receperat:
1593 988 1829 1089 ibique
1901 990 2197 1088 cogebat
2239 1012 2442 1060 exer-

497 1110 719 1182 citum
744 1136 1042 1183 numero
1076 1110 1445 1182 hominum
1478 1090 1924 1207 ampliorem,
1957 1110 2073 1184 sed
2113 1109 2439 1186 hebetem

496 1229 989 1333 infirmumque
1016 1285 1041 1322 ‚
1079 1232 1225 1329 agri
1273 1257 1351 1303 ac
1398 1232 1670 1336 pecoris
1702 1211 1953 1329 magis{
1989 1258 2198 1333 quam
2229 1227 2451 1320 belli„

498 1355 869 1426 cultorem.
927 1355 1005 1426 Id
1053 1379 1131 1426 ea
1168 1353 1385 1451 gratia
1441 1353 1804 1432 eveniebat
1833 1408 1856 1443 ,
1911 1356 2105 1452 quod
2166 1372 2441 1449 praeter.

498 1476 730 1572 regios
778 1476 1046 1573 equites
1078 1499 1290 1548 nemo
1330 1474 1647 1552 omnium
1674 1475 2130 1550 Numidarum
2162 1503 2247 1550 ex
2280 1475 2445 1573 fuga

498 1620 734 1694 regem
803 1593 1165 1695 sequitur3
1219 1622 1366 1695 quo
1436 1594 1764 1695 cuiusque
1809 1597 2074 1672 animus
2123 1573 2297 1686 fert,
2349 1622 2440 1670 eo

499 1715 861 1790 discedunt
907 1741 925 1785 ε
966 1742 1193 1815 neque
1247 1718 1316 1790 id
1382 1718 1718 1816 flagitium
1774 1721 2058 1816 militiae
2107 1721 2383 1793 ducitur
2418 1746 2438 1791 z

499 1840 598 1912 ita
621 1838 687 1912 se
717 1866 947 1914 mores
975 1842 1254 1915 habent.
1281 1844 1499 1941 Igitur
1527 1842 1853 1919 Metellus
1879 1843 2000 1944 ubi
2021 1843 2215 1916 videt
2263 1841 2443 1939 regis

518 1963 727 2035 etiam
776 1979 929 2034 tum
986 1963 1294 2035 animum
1357 1963 1705 2049 ferocem3
1759 1965 2018 2037 bellum
2056 1964 2453 2052 renovari,

501 2082 725 2182 quod,
746 2083 867 2154 nist
883 2109 969 2155 ex
989 2082 1173 2154 illius
1185 2082 1493 2171 lubidine
1515 2136 1538 2172 ,
1568 2083 1713 2180 geri
1751 2102 1769 2131 ¹
1793 2109 1940 2157 non
1960 2084 2184 2181 poffet
2200 2112 2223 2171 ;
2254 2111 2447 2181 prae-

426 2248 432 2256 ·
502 2222 697 2278 terea
727 2189 1046 2305 iniquum
1083 2221 1433 2277 certamen
1459 2203 1580 2275 fibi
1609 2229 1768 2276 cum
1797 2183 2144 2295 hostibuS,
2170 2206 2449 2278 minore

504 2326 928 2402 detrimento
965 2327 1125 2400 illos
1144 2327 1378 2417 vinci,
1418 2353 1626 2426 quam
1656 2325 1813 2400 suos
1845 2329 2126 2402 vincere
2161 2353 2177 2397 :
2212 2310 2455 2435 statuit

506 2475 655 2524 non
695 2449 1016 2547 praeliis,
1057 2472 1284 2547 neque
1327 2449 1523 2540 acie,
1572 2448 1693 2522 ‘sed
1740 2452 1879 2523 alio
1929 2475 2127 2523 more
2162 2448 2445 2521 bellum

504 2571 919 2671 gerundum.
957 2572 1195 2670 Itaque
1226 2570 1300 2642 in
1325 2564 1702 2644 'Numidiae
1743 2571 1899 2645 loca
1940 2568 2453 2669 opulentissima

504 2697 781 2795 pergit,
831 2720 1034 2792 agros
1076 2694 1332 2784 vastat,
1371 2694 1592 2766 multa
1633 2693 1903 2767 castella
1941 2712 2010 2766 et
2043 2691 2302 2790 oppida
2347 2710 2445 2764 te-

394 2896 407 2912 x
508 2840 701 2889 mere
723 2816 988 2887 munita
1011 2870 1035 2906 ‚
1058 2835 1177 2887 aut
1198 2815 1335 2887 fine
1359 2815 1695 2911 praesidio
1718 2870 1742 2907 ,
1761 2817 1942 2914 capit
1963 2812 2405 2912 incenditque
2419 2866 2449 2908 ,

509 2917 808 3036 puberes
845 2955 872 2986 ²
894 2937 1190 3010 interfici
1228 2937 1458 3024 iubet;
1485 2939 1617 3010 alia
1655 2940 1889 3010 omnia
1925 2936 2224 3009 militum
2256 2963 2449 3036 prae·

510 3061 673 3133 dam
729 3058 885 3132 effe.
927 3062 1023 3131 Ea
1058 3058 1431 3132 formidine
1480 3059 1684 3131 multi
1732 3052 2060 3133 mortales
2113 3044 2455 3133 Romanis·

435 3272 444 3299 ί
511 3183 732 3257 dediti
776 3181 1081 3275 obfideS‚
1133 3182 1559 3256 frumentum
1595 3201 1666 3255 et
1697 3182 1870 3272 alia,
1919 3207 2096 3281 quae
2141 3182 2295 3254 usui
2334 3181 2449 3253 fo-

511 3323 708 3396 rent,
730 3303 1013 3380 adfatim
1040 3304 1384 3402 praebita:
1416 3305 1838 3403 ubicumque
1872 3326 1980 3376 res
2021 3303 2457 3401 postulabat,

528 3690 538 3701 ο
565 3616 590 3661 1
621 3595 786 3660 Cort.
811 3558 1010 3663 frustra
1031 3602 1249 3661 omittit
1272 3623 1377 3660 non
1400 3618 1421 3674 3
1560 3569 1629 3660 ’ἰ
1666 3597 1879 3661 Cottio
1912 3620 2023 3682 pro
2049 3597 2291 3683 ingenio
2306 3592 2447 3679 pla-

514 3712 795 3801 quicquid
839 3710 1134 3774 Salmasius
1178 3713 1378 3774 doceat
1401 3756 1423 3787 ‚
1545 3728 1634 3775 cet
1667 3712 1929 3795 interficit.

512 3830 618 3909 ulfi
635 3825 858 3911 saepius
872 3845 987 3907 pro
1015 3846 1118 3884 non
1137 3822 1242 3904 ny?
1254 3824 1423 3907 poni.
