2787 4602
443 411 450 426 ι
509 324 676 404 {nv

515 496 804 566 ‘nobilem
895 498 1408 569 Grammaticum
1476 499 1786 570 Latinum
1810 552 1839 587 ,
1952 501 2455 573 declamantium
2506 564 2507 567 ,

455 642 458 645 ι
521 596 752 664 deinde
803 597 1154 666 adiutorem
1196 620 1387 691 acque
1414 618 1899 689 praecepwrem.
1968 597 2078 668 Ab
2133 598 2271 671 hoc
2315 600 2454 670 aie-

525 690 647 761 bat
722 694 1088 794 Sallustium
1110 695 1379 787 scribere
1436 690 1781 792 aggrefficm
1813 749 1841 784 ,
1897 698 2209 768 breviario
2252 724 2456 768 rerum

521 795 815 861 omnium
865 796 1311 862 Romanarum
1341 845 1366 882 ,
1407 820 1492 862 ex
1543 795 1774 887 quibus
1823 821 1986 888 quas
2023 800 2211 865 vdlct
2267 801 2458 891 elige-

524 911 618 958 ret
654 941 679 977 ‚
725 890 1091 992 instruc‘t'um
1126 886 1324 988 ficiffi
1345 945 1372 979 ,
1419 894 1815 986 antiquaque
1851 896 1908 961 ei
1951 895 2145 962 verba
2186 889 2251 964 δ’
2274 896 2457 989 figu-

524 1012 634 1055 ras
656 987 932 1079 Jblitum
986 1015 1126 1058 eum
1180 985 1291 1086 effe
1330 991 1635 1084 colligere.
1734 989 2033 1073 Videtur
2093 993 2457 1062 Gramma·-

519 1082 702 1157 ticus
753 1110 900 1157 non
952 1083 1277 1178 ignobilis
1338 1111 1419 1158 ea
1463 1083 1534 1157 in
1589 1111 1666 1158 re
1718 1085 1999 1183 ingenio
2055 1113 2134 1162 ac
2191 1089 2455 1161 volun-

503 1163 652 1252 ⁸tati
698 1185 994 1286 Sallustii
1031 1182 1450 1281 gratificatus
1486 1183 1616 1257 effe
1644 1238 1668 1274 ,
1712 1186 1952 1281 potius
1996 1213 2205 1285 quam
2258 1184 2455 1258 suum

485 1277 548 1351 -.ἱ
599 1278 729 1354 fius
794 1282 1129 1355 iudicium
1193 1279 1522 1379 sequutus
1564 1335 1588 1371 ‚
1682 1309 1840 1355 nam
1920 1276 1992 1355 in
2072 1278 2456 1381 praeceptis

589 1377 920 1455 hetoricis
975 1380 1063 1452 ad
1107 1378 1414 1451 Asmium
1459 1378 1850 1454 Pollionem
1881 1434 1903 1470 ,
1947 1382 2013 1454 ei
2069 1384 2242 1463 nihil
2274 1383 2464 1452 aliud

501 1476 831 1570 ficadebac
854 1531 880 1566 ‚
929 1494 1010 1549 ut
1042 1476 1353 1573 prodidit
1411 1477 1780 1549 Suetonius
1806 1531 1834 1566 ,
1892 1504 2086 1573 quam
2138 1488 2212 1549 u't
2252 1501 2406 1548 noto
2428 1491 2487 1571 ,j

522 1576 826 1669 civilique
899 1572 965 1646 ὃ·
1018 1576 1284 1670 proprio
1341 1574 1633 1667 sermone
1701 1578 1976 1647 uteretur
2003 1631 2031 1666 ,
2106 1570 2456 1670 vitarctqcce

521 1676 814 1743 maxime
874 1673 1313 1766 obscuritatem
1365 1669 1432 1743 δ’
1488 1675 1833 1743 audaciam
1882 1676 1954 1743 in
2017 1673 2457 1775 transsationi-

403 1802 408 1805 ·
522 1771 666 1840 bus.
734 1768 1081 1862 Credibile
1143 1767 1240 1841 est
1310 1772 1696 1874 Sallustium
1767 1794 1848 1844 ea
1915 1774 1989 1842 re
2047 1771 2460 1869 gravitatem

499 1863 689 1964 styli
752 1867 1041 1973 captasse
1075 1923 1100 1959 ‚
1172 1869 1250 1940 &
1301 1867 1681 1965 prisconun
1750 1869 2033 1943 illorum
2098 1870 2461 1941 Romano-

522 1989 684 2056 rum
727 1962 1116 2039 sermonem
1156 1967 1500 2037 imitatum
1529 2019 1553 2054 ,
1609 1991 1911 2064 quorum
1961 1965 2272 2047 moribus
2314 1983 2463 2038 erat

524 2059 999 2134 diflimsslimus
1025 2115 1049 2153 ‚
1092 2079 1172 2135 u't
1239 2061 1612 2158 flagitiosae
1675 2063 1863 2135 vitae
1920 2061 2220 2136 maculas
2264 2062 2462 2135 elue-

525 2177 681 2249 ret,
749 2158 1328 2258 perfiladeretque
1361 2160 1477 2233 *iis
1500 2214 1522 2250 ‚
1570 2159 1819 2258 quibus
1868 2158 2022 2233 satis
2063 2179 2283 2234 notus·
2314 2185 2461 2237 non

521 2252 675 2330 erat
708 2313 732 2348 ‚
771 2255 936 2350 falsa
993 2257 1127 2331 effe
1183 2258 1467 2360 omnia,
1510 2284 1688 2361 quae
1746 2259 1832 2333 de
1889 2257 2014 2334 illo
2071 2260 2306 2335 minus
2336 2258 2481 2344 bm-=

521 2352 712 2431 nesta
747 2356 1188 2432 iafiabantur.

627 2460 892 2528 Verum
944 2455 1074 2527 hae
1124 2475 1304 2528 artes
1353 2453 1534 2527 belle
1580 2457 2026 2534 homininon
2077 2453 2468 2546 cesserunt,

526 2567 937 2640 nam'anno
991 2567 1011 2600 ¹
1070 2556 1164 2627 U.
1228 2555 1662 2628 C.1:)CC1V.
1728 2556 1916 2629 Coff.
1988 2559 2065 2628 L.
2162 2554 2463 2627 Aemilio

521 2654 750 2727 Paulo
798 2670 870 2725 et
893 2653 975 2725 C.
1033 2653 1334 2726 Claudio
1379 2653 1718 2727 Marcello
1750 2707 1773 2741 ‚
1825 2653 2088 2750 Appius
2129 2651 2464 2723 Claudius

525 2741 827 2824 Pulcher
896 2750 1163 2822 Censor
1198 2805 1221 2842 ,
1297 2774 1445 2820 non
1523 2767 1950 2847 repugnante
2023 2748 2317 2843 Collega
2377 2746 2459 2818 L.

529 2849 917 2946 Calpurnio
951 2845 1241 2936 Pisone,
1315 2870 1560 2932 omnes
1626 2847 2030 2935 libertinos,
2107 2862 2188 2916 ut
2242 2843 2458 2914 docet

533 2947 683 3017 Dio
750 2945 867 3016 lib.
914 2941 1083 3016 XL
1171 2942 1432 3016 multos
1511 2945 1718 3017 etiam
1774 2943 2114 3016 nobilium
2168 2996 2192 3031 ,
2249 2958 2458 3038 atque

533 3037 721 3115 inter
764 3068 884 3116 eos
936 3043 1226 3139 Crispum
1265 3042 1691 3147 Sallustium,
1769 3043 1842 3114 ui
1887 3039 2258 3113 Historiam
2303 3063 2467 3124 con·

536 3138 839 3239 scripsit,
928 3142 1182 3212 Senatu
1224 3138 1448 3211 eiecit.
1540 3142 1713 3231 Quo
1787 3138 2061 3211 'fassum
2090 3192 2114 3227 ,
2171 3136 2218 3207 fi
2273 3153 2470 3208 vete·

538 3241 730 3314 ribus
762 3257 789 3291 ²·
846 3237 1328 3314 Grammaticis
1379 3238 1721 3311 credimus
1756 3292 1779 3328 ,
1846 3254 2136 3334 propter
2194 3235 2466 3307 adulte·-

539 3339 641 3410 ria
662 3365 684 3423 3
754 3336 1008 3411 dicitur
1064 3337 1248 3409 enim
1302 3335 1389 3407 ab
1452 3336 1534 3407 iis
1591 3338 1938 3440 Sallustius
1991 3359 2174 3405 tanto
2245 3337 2469 3403 ardore

539 3434 910 3537 insaniwff}
954 3440 1026 3506 in
1105 3439 1436 3507 libertinas
1467 3491 1496 3524 ,
1557 3458 1800 3530 quanto
1851 3436 2142 3506 moechus
2198 3437 2269 3501 itz
2323 3457 2467 3499 ma-

542 3558 765 3607 tronas
792 3590 820 3625 ,
881 3538 1058 3632 quod
1100 3563 1243 3609 cum
1294 3538 1397 3606 illi
1444 3537 1516 3604 in
1552 3539 1803 3608 Senatu
1848 3563 1892 3607 a
1933 3532 2305 3626 Censoribus
2346 3529 2466 3598 ob-

635 3778 658 3815 1
697 3755 773 3821 Α.
810 3731 925 3814 Chi.
959 3757 1044 3820 N.
1089 3754 1176 3815 ἱ.

632 3861 682 3904 2,
722 3837 899 3901 Schol.
938 3839 996 3897 in
1048 3834 1163 3897 Sat.
1213 3855 1277 3896 11
1311 3835 1426 3896 zib.
1451 3856 1499 3896 1.
1545 3835 1699 3896 Hor.
1796 3871 1805 3878 -
