<?xml version="1.0" encoding="UTF-8"?>
<!DOCTYPE html PUBLIC "-//W3C//DTD XHTML 1.0 Transitional//EN"
    "http://www.w3.org/TR/xhtml1/DTD/xhtml1-transitional.dtd">
<html xmlns="http://www.w3.org/1999/xhtml" xml:lang="en" lang="en">
 <head>
  <title>
</title>
<meta http-equiv="Content-Type" content="text/html;charset=utf-8" />
  <meta name='ocr-system' content='tesseract 3.04.00' />
  <meta name='ocr-capabilities' content='ocr_page ocr_carea ocr_par ocr_line ocrx_word'/>
</head>
<body>
  <div class='ocr_page' id='page_1' title='image "./caiicrispisallu00bipogoog_0213.png"; bbox 0 0 2787 4602; ppageno 0'>
   <div class='ocr_carea' id='block_1_1' title="bbox 825 326 2280 427">
    <p class='ocr_par' dir='ltr' id='par_1_1' title="bbox 825 326 2280 427">
     <span class='ocr_line' id='line_1_1' title="bbox 825 326 2280 427; baseline -0.001 -26"><span class='ocrx_word' id='word_1_1' title='bbox 825 326 1712 402; x_wconf 83' lang='lat' dir='ltr'><strong>IUGURTHA.&#39;</strong></span> <span class='ocrx_word' id='word_1_2' title='bbox 1877 416 1882 422; x_wconf 20' lang='lat'><em>⁶</em></span> <span class='ocrx_word' id='word_1_3' title='bbox 2130 348 2280 427; x_wconf 69' lang='lat'>‘⁸53</span> 
     </span>
    </p>
   </div>
   <div class='ocr_carea' id='block_1_2' title="bbox 280 485 2423 3524">
    <p class='ocr_par' dir='ltr' id='par_1_2' title="bbox 280 485 2423 3524">
     <span class='ocr_line' id='line_1_2' title="bbox 353 485 2287 587; baseline -0.005 -18"><span class='ocrx_word' id='word_1_4' title='bbox 353 491 928 570; x_wconf 75' lang='lat' dir='ltr'>contumeliarum</span> <span class='ocrx_word' id='word_1_5' title='bbox 1006 488 1447 587; x_wconf 89' lang='lat' dir='ltr'>imperatoris</span> <span class='ocrx_word' id='word_1_6' title='bbox 1499 506 1524 538; x_wconf 78' lang='lat'><strong>¹</strong></span> <span class='ocrx_word' id='word_1_7' title='bbox 1583 512 1770 563; x_wconf 13' lang='lat' dir='ltr'>cuma</span> <span class='ocrx_word' id='word_1_8' title='bbox 1824 485 1953 560; x_wconf 89' lang='lat' dir='ltr'>suo</span> <span class='ocrx_word' id='word_1_9' title='bbox 2020 487 2287 560; x_wconf 88' lang='lat' dir='ltr'>auxilio</span> 
     </span>
     <span class='ocr_line' id='line_1_3' title="bbox 352 609 2288 721; baseline -0.006 -29"><span class='ocrx_word' id='word_1_10' title='bbox 352 642 613 721; x_wconf 88' lang='lat' dir='ltr'>poenas</span> <span class='ocrx_word' id='word_1_11' title='bbox 650 632 865 713; x_wconf 89' lang='lat' dir='ltr'>petat.</span> <span class='ocrx_word' id='word_1_12' title='bbox 910 612 1267 689; x_wconf 88' lang='lat' dir='ltr'>hominem</span> <span class='ocrx_word' id='word_1_13' title='bbox 1310 610 1408 685; x_wconf 91' lang='lat' dir='ltr'>ob</span> <span class='ocrx_word' id='word_1_14' title='bbox 1438 609 1726 686; x_wconf 85' lang='lat' dir='ltr'><strong>morbos</strong></span> <span class='ocrx_word' id='word_1_15' title='bbox 1765 610 1999 683; x_wconf 89' lang='lat' dir='ltr'>animo</span> <span class='ocrx_word' id='word_1_16' title='bbox 2042 635 2288 706; x_wconf 84' lang='lat' dir='ltr'>parum</span> 
     </span>
     <span class='ocr_line' id='line_1_4' title="bbox 354 732 2290 830; baseline -0.006 -16"><span class='ocrx_word' id='word_1_17' title='bbox 354 738 590 814; x_wconf 82' lang='lat' dir='ltr'>valido</span> <span class='ocrx_word' id='word_1_18' title='bbox 646 736 941 811; x_wconf 89' lang='lat' dir='ltr'>secunda</span> <span class='ocrx_word' id='word_1_19' title='bbox 992 735 1314 810; x_wconf 91' lang='lat' dir='ltr'>oratione</span> <span class='ocrx_word' id='word_1_20' title='bbox 1358 734 1635 807; x_wconf 87' lang='lat' dir='ltr'>extollit</span> <span class='ocrx_word' id='word_1_21' title='bbox 1690 761 1708 806; x_wconf 72' lang='grc' dir='ltr'><strong><em>ε</em></strong></span> <span class='ocrx_word' id='word_1_22' title='bbox 1757 732 1956 807; x_wconf 88' lang='lat' dir='ltr'>illum</span> <span class='ocrx_word' id='word_1_23' title='bbox 2015 757 2290 830; x_wconf 84' lang='lat' dir='ltr'>regem,</span> 
     </span>
     <span class='ocr_line' id='line_1_5' title="bbox 352 849 2293 958; baseline -0.006 -22"><span class='ocrx_word' id='word_1_24' title='bbox 352 860 707 958; x_wconf 85' lang='lat' dir='ltr'>ingentem</span> <span class='ocrx_word' id='word_1_25' title='bbox 769 861 1003 932; x_wconf 89' lang='lat' dir='ltr'>virum</span> <span class='ocrx_word' id='word_1_26' title='bbox 1039 912 1062 949; x_wconf 91' lang='lat'>,</span> <span class='ocrx_word' id='word_1_27' title='bbox 1130 855 1509 931; x_wconf 82' lang='lat' dir='ltr'>Mafiniffae</span> <span class='ocrx_word' id='word_1_28' title='bbox 1570 873 1901 955; x_wconf 85' lang='lat' dir='ltr'>nepotem</span> <span class='ocrx_word' id='word_1_29' title='bbox 1976 849 2109 928; x_wconf 79' lang='lat' dir='ltr'>effe</span> <span class='ocrx_word' id='word_1_30' title='bbox 2172 878 2190 921; x_wconf 89' lang='lat'>:</span> <span class='ocrx_word' id='word_1_31' title='bbox 2241 853 2293 924; x_wconf 84' lang='lat' dir='ltr'><strong>fi</strong></span> 
     </span>
     <span class='ocr_line' id='line_1_6' title="bbox 354 977 2295 1083; baseline -0.004 -30"><span class='ocrx_word' id='word_1_32' title='bbox 354 982 687 1079; x_wconf 85' lang='lat' dir='ltr'>Iugurtha</span> <span class='ocrx_word' id='word_1_33' title='bbox 731 1000 1012 1079; x_wconf 90' lang='lat' dir='ltr'>captus,</span> <span class='ocrx_word' id='word_1_34' title='bbox 1067 1000 1189 1055; x_wconf 87' lang='lat' dir='ltr'>aut</span> <span class='ocrx_word' id='word_1_35' title='bbox 1240 978 1553 1069; x_wconf 88' lang='lat' dir='ltr'>occisus,</span> <span class='ocrx_word' id='word_1_36' title='bbox 1615 977 1987 1083; x_wconf 86' lang='lat' dir='ltr'>imperium</span> <span class='ocrx_word' id='word_1_37' title='bbox 2042 977 2295 1053; x_wconf 88' lang='lat' dir='ltr'>Numi-</span> 
     </span>
     <span class='ocr_line' id='line_1_7' title="bbox 355 1095 2294 1205; baseline -0.005 -27"><span class='ocrx_word' id='word_1_38' title='bbox 355 1095 508 1191; x_wconf 82' lang='lat' dir='ltr'>diae</span> <span class='ocrx_word' id='word_1_39' title='bbox 557 1101 694 1205; x_wconf 80' lang='lat' dir='ltr'>fine</span> <span class='ocrx_word' id='word_1_40' title='bbox 720 1128 919 1179; x_wconf 89' lang='lat' dir='ltr'>mora</span> <span class='ocrx_word' id='word_1_41' title='bbox 947 1104 1389 1177; x_wconf 87' lang='lat' dir='ltr'>habiturum:</span> <span class='ocrx_word' id='word_1_42' title='bbox 1436 1102 1507 1174; x_wconf 91' lang='lat' dir='ltr'>id</span> <span class='ocrx_word' id='word_1_43' title='bbox 1546 1101 1724 1177; x_wconf 91' lang='lat' dir='ltr'>adeo</span> <span class='ocrx_word' id='word_1_44' title='bbox 1780 1116 2048 1172; x_wconf 89' lang='lat' dir='ltr'>mature</span> <span class='ocrx_word' id='word_1_45' title='bbox 2090 1098 2294 1196; x_wconf 83' lang='lat' dir='ltr'>poffe</span> 
     </span>
     <span class='ocr_line' id='line_1_8' title="bbox 357 1206 2306 1324; baseline -0.005 -24"><span class='ocrx_word' id='word_1_46' title='bbox 357 1225 685 1315; x_wconf 86' lang='lat' dir='ltr'>evenire,</span> <span class='ocrx_word' id='word_1_47' title='bbox 739 1225 789 1299; x_wconf 77' lang='lat' dir='ltr'>st</span> <span class='ocrx_word' id='word_1_48' title='bbox 828 1223 993 1324; x_wconf 51' lang='lat' dir='ltr'>Jipse</span> <span class='ocrx_word' id='word_1_49' title='bbox 1043 1223 1284 1297; x_wconf 88' lang='lat' dir='ltr'>consul</span> <span class='ocrx_word' id='word_1_50' title='bbox 1332 1206 1441 1298; x_wconf 66' lang='lat' dir='ltr'>ad,</span> <span class='ocrx_word' id='word_1_51' title='bbox 1476 1223 1548 1299; x_wconf 86' lang='lat' dir='ltr'>id</span> <span class='ocrx_word' id='word_1_52' title='bbox 1599 1222 1859 1294; x_wconf 89' lang='lat' dir='ltr'>bellum</span> <span class='ocrx_word' id='word_1_53' title='bbox 1905 1220 2138 1294; x_wconf 82' lang='lat' dir='ltr'>miffus</span> <span class='ocrx_word' id='word_1_54' title='bbox 2183 1220 2306 1292; x_wconf 58' lang='lat' dir='ltr'>foe</span> 
     </span>
     <span class='ocr_line' id='line_1_9' title="bbox 362 1336 2293 1446; baseline -0.002 -28"><span class='ocrx_word' id='word_1_55' title='bbox 362 1365 491 1419; x_wconf 92' lang='lat' dir='ltr'>ret.</span> <span class='ocrx_word' id='word_1_56' title='bbox 546 1349 786 1446; x_wconf 85' lang='lat' dir='ltr'>Itaque</span> <span class='ocrx_word' id='word_1_57' title='bbox 841 1364 911 1419; x_wconf 92' lang='lat' dir='ltr'>et</span> <span class='ocrx_word' id='word_1_58' title='bbox 955 1336 1207 1435; x_wconf 76' lang='lat' dir='ltr'>illum,</span> <span class='ocrx_word' id='word_1_59' title='bbox 1268 1363 1339 1417; x_wconf 93' lang='lat' dir='ltr'>et</span> <span class='ocrx_word' id='word_1_60' title='bbox 1388 1345 1659 1443; x_wconf 85' lang='lat' dir='ltr'>equites</span> <span class='ocrx_word' id='word_1_61' title='bbox 1717 1346 2114 1442; x_wconf 79' lang='lat' dir='ltr'>Romanos,</span> <span class='ocrx_word' id='word_1_62' title='bbox 2161 1345 2293 1414; x_wconf 87' lang='lat' dir='ltr'>mi-</span> 
     </span>
     <span class='ocr_line' id='line_1_10' title="bbox 356 1464 2298 1571; baseline -0.003 -27"><span class='ocrx_word' id='word_1_63' title='bbox 356 1467 513 1544; x_wconf 86' lang='lat' dir='ltr'>lites</span> <span class='ocrx_word' id='word_1_64' title='bbox 559 1485 629 1540; x_wconf 93' lang='lat' dir='ltr'>et</span> <span class='ocrx_word' id='word_1_65' title='bbox 694 1468 1167 1571; x_wconf 82' lang='lat' dir='ltr'>negotiatores</span> <span class='ocrx_word' id='word_1_66' title='bbox 1225 1467 1399 1540; x_wconf 89' lang='lat' dir='ltr'>alios</span> <span class='ocrx_word' id='word_1_67' title='bbox 1464 1464 1607 1564; x_wconf 87' lang='lat' dir='ltr'>ipse</span> <span class='ocrx_word' id='word_1_68' title='bbox 1635 1520 1660 1558; x_wconf 83' lang='grc'><em>,</em></span> <span class='ocrx_word' id='word_1_69' title='bbox 1710 1466 2080 1567; x_wconf 89' lang='lat' dir='ltr'>plerosque</span> <span class='ocrx_word' id='word_1_70' title='bbox 2149 1465 2298 1563; x_wconf 83' lang='lat' dir='ltr'>spes</span> 
     </span>
     <span class='ocr_line' id='line_1_11' title="bbox 360 1586 2297 1688; baseline -0.003 -25"><span class='ocrx_word' id='word_1_71' title='bbox 360 1593 546 1687; x_wconf 83' lang='lat' dir='ltr'>pacis</span> <span class='ocrx_word' id='word_1_72' title='bbox 606 1591 953 1688; x_wconf 87' lang='lat' dir='ltr'>impellit,</span> <span class='ocrx_word' id='word_1_73' title='bbox 996 1593 1103 1662; x_wconf 90' lang='lat' dir='ltr'>uti</span> <span class='ocrx_word' id='word_1_74' title='bbox 1158 1592 1457 1662; x_wconf 85' lang='lat' dir='ltr'>Romam</span> <span class='ocrx_word' id='word_1_75' title='bbox 1504 1589 1590 1664; x_wconf 84' lang='lat' dir='ltr'>ad</span> <span class='ocrx_word' id='word_1_76' title='bbox 1659 1586 1822 1660; x_wconf 89' lang='lat' dir='ltr'>suos</span> <span class='ocrx_word' id='word_1_77' title='bbox 1889 1589 2297 1664; x_wconf 83' lang='lat' dir='ltr'>neceffarios</span> 
     </span>
     <span class='ocr_line' id='line_1_12' title="bbox 360 1709 2296 1807; baseline -0.003 -21"><span class='ocrx_word' id='word_1_78' title='bbox 360 1710 659 1807; x_wconf 85' lang='lat' dir='ltr'>aspere</span> <span class='ocrx_word' id='word_1_79' title='bbox 643 1739 716 1784; x_wconf 88' lang='lat' dir='ltr'>m</span> <span class='ocrx_word' id='word_1_80' title='bbox 772 1713 1137 1788; x_wconf 89' lang='lat' dir='ltr'>Metellum</span> <span class='ocrx_word' id='word_1_81' title='bbox 1197 1711 1284 1783; x_wconf 90' lang='lat' dir='ltr'>de</span> <span class='ocrx_word' id='word_1_82' title='bbox 1342 1710 1531 1783; x_wconf 91' lang='lat' dir='ltr'>bello</span> <span class='ocrx_word' id='word_1_83' title='bbox 1596 1709 1944 1800; x_wconf 86' lang='lat' dir='ltr'>scribant,</span> <span class='ocrx_word' id='word_1_84' title='bbox 1999 1711 2296 1784; x_wconf 88' lang='lat' dir='ltr'>Marium</span> 
     </span>
     <span class='ocr_line' id='line_1_13' title="bbox 359 1824 2299 1931; baseline -0.002 -24"><span class='ocrx_word' id='word_1_85' title='bbox 359 1824 856 1929; x_wconf 77' lang='lat' dir='ltr'>imperatorem</span> <span class='ocrx_word' id='word_1_86' title='bbox 929 1832 1240 1931; x_wconf 82' lang='lat' dir='ltr'>poscant.</span> <span class='ocrx_word' id='word_1_87' title='bbox 1299 1836 1410 1911; x_wconf 88' lang='lat' dir='ltr'>Sic</span> <span class='ocrx_word' id='word_1_88' title='bbox 1477 1833 1580 1906; x_wconf 90' lang='lat' dir='ltr'>illi</span> <span class='ocrx_word' id='word_1_89' title='bbox 1639 1860 1680 1907; x_wconf 88' lang='lat' dir='ltr'>a</span> <span class='ocrx_word' id='word_1_90' title='bbox 1746 1832 1983 1909; x_wconf 85' lang='lat' dir='ltr'>multis</span> <span class='ocrx_word' id='word_1_91' title='bbox 2020 1850 2299 1905; x_wconf 79' lang='lat' dir='ltr'>morta·-</span> 
     </span>
     <span class='ocr_line' id='line_1_14' title="bbox 360 1953 2299 2053; baseline -0.002 -24"><span class='ocrx_word' id='word_1_92' title='bbox 360 1955 541 2029; x_wconf 85' lang='lat' dir='ltr'>libus</span> <span class='ocrx_word' id='word_1_93' title='bbox 602 1954 1091 2035; x_wconf 73' lang='lat' dir='ltr'>honestissuma</span> <span class='ocrx_word' id='word_1_94' title='bbox 1129 1953 1616 2053; x_wconf 83' lang='lat' dir='ltr'>suffragatione</span> <span class='ocrx_word' id='word_1_95' title='bbox 1664 1954 2061 2053; x_wconf 83' lang='lat' dir='ltr'>consulatus</span> <span class='ocrx_word' id='word_1_96' title='bbox 2099 1974 2299 2053; x_wconf 89' lang='lat' dir='ltr'>pete-</span> 
     </span>
     <span class='ocr_line' id='line_1_15' title="bbox 356 2073 2319 2176; baseline -0.002 -21"><span class='ocrx_word' id='word_1_97' title='bbox 356 2073 583 2155; x_wconf 74' lang='lat' dir='ltr'>Batur.</span> <span class='ocrx_word' id='word_1_98' title='bbox 627 2078 827 2150; x_wconf 85' lang='lat' dir='ltr'>fimul</span> <span class='ocrx_word' id='word_1_99' title='bbox 866 2104 946 2151; x_wconf 93' lang='lat' dir='ltr'>ea</span> <span class='ocrx_word' id='word_1_100' title='bbox 979 2078 1381 2176; x_wconf 86' lang='lat' dir='ltr'>tempestate</span> <span class='ocrx_word' id='word_1_101' title='bbox 1436 2079 1708 2175; x_wconf 72' lang='lat' dir='ltr'>plebes„</span> <span class='ocrx_word' id='word_1_102' title='bbox 1757 2078 2123 2152; x_wconf 86' lang='lat' dir='ltr'>nobilitate</span> <span class='ocrx_word' id='word_1_103' title='bbox 2156 2079 2319 2171; x_wconf 86' lang='lat' dir='ltr'>fusa</span> 
     </span>
     <span class='ocr_line' id='line_1_16' title="bbox 357 2178 2296 2299; baseline 0.001 -26"><span class='ocrx_word' id='word_1_104' title='bbox 357 2194 486 2297; x_wconf 84' lang='lat' dir='ltr'>per</span> <span class='ocrx_word' id='word_1_105' title='bbox 535 2202 761 2299; x_wconf 88' lang='lat' dir='ltr'>legem</span> <span class='ocrx_word' id='word_1_106' title='bbox 807 2178 1187 2275; x_wconf 79' lang='lat' dir='ltr'>Mamiliam</span> <span class='ocrx_word' id='word_1_107' title='bbox 1213 2256 1237 2291; x_wconf 87' lang='lat'>,</span> <span class='ocrx_word' id='word_1_108' title='bbox 1281 2226 1515 2275; x_wconf 89' lang='lat' dir='ltr'>novos</span> <span class='ocrx_word' id='word_1_109' title='bbox 1553 2202 1955 2276; x_wconf 88' lang='lat' dir='ltr'>extollebat.</span> <span class='ocrx_word' id='word_1_110' title='bbox 2012 2205 2113 2275; x_wconf 90' lang='lat' dir='ltr'>Ita</span> <span class='ocrx_word' id='word_1_111' title='bbox 2143 2205 2296 2274; x_wconf 89' lang='lat' dir='ltr'>Ma—</span> 
     </span>
     <span class='ocr_line' id='line_1_17' title="bbox 358 2318 2423 2423; baseline -0.002 -23"><span class='ocrx_word' id='word_1_112' title='bbox 358 2325 471 2400; x_wconf 82' lang='lat' dir='ltr'>rio</span> <span class='ocrx_word' id='word_1_113' title='bbox 540 2325 783 2397; x_wconf 60' lang='lat' dir='ltr'>cunila</span> <span class='ocrx_word' id='word_1_114' title='bbox 849 2324 1252 2420; x_wconf 85' lang='lat' dir='ltr'>procedere.</span> <span class='ocrx_word' id='word_1_115' title='bbox 1352 2325 1635 2399; x_wconf 90' lang='lat' dir='ltr'>Interim</span> <span class='ocrx_word' id='word_1_116' title='bbox 1708 2326 2039 2423; x_wconf 82' lang='lat' dir='ltr'>Iugurtha</span> <span class='ocrx_word' id='word_1_117' title='bbox 2110 2325 2299 2423; x_wconf 89' lang='lat' dir='ltr'>post-</span> <span class='ocrx_word' id='word_1_118' title='bbox 2327 2318 2423 2389; x_wconf 83' lang='lat'>66</span> 
     </span>
     <span class='ocr_line' id='line_1_18' title="bbox 349 2444 2303 2544; baseline 0 -25"><span class='ocrx_word' id='word_1_119' title='bbox 349 2469 572 2543; x_wconf 71' lang='lat' dir='ltr'>,quam</span> <span class='ocrx_word' id='word_1_120' title='bbox 592 2498 618 2534; x_wconf 90' lang='lat'>,</span> <span class='ocrx_word' id='word_1_121' title='bbox 683 2444 925 2517; x_wconf 82' lang='lat' dir='ltr'>omiffa</span> <span class='ocrx_word' id='word_1_122' title='bbox 974 2444 1330 2518; x_wconf 82' lang='lat' dir='ltr'>deditione</span> <span class='ocrx_word' id='word_1_123' title='bbox 1361 2501 1387 2533; x_wconf 91' lang='lat'>,</span> <span class='ocrx_word' id='word_1_124' title='bbox 1447 2444 1714 2519; x_wconf 89' lang='lat' dir='ltr'>bellum</span> <span class='ocrx_word' id='word_1_125' title='bbox 1783 2447 2071 2544; x_wconf 83' lang='lat' dir='ltr'>incipit,</span> <span class='ocrx_word' id='word_1_126' title='bbox 2145 2474 2303 2519; x_wconf 91' lang='lat' dir='ltr'>cum</span> 
     </span>
     <span class='ocr_line' id='line_1_19' title="bbox 362 2555 2307 2671; baseline 0.001 -32"><span class='ocrx_word' id='word_1_127' title='bbox 362 2579 611 2664; x_wconf 86' lang='lat' dir='ltr'>magna</span> <span class='ocrx_word' id='word_1_128' title='bbox 675 2555 841 2643; x_wconf 86' lang='lat' dir='ltr'>cura</span> <span class='ocrx_word' id='word_1_129' title='bbox 915 2591 1156 2662; x_wconf 87' lang='lat' dir='ltr'>parare</span> <span class='ocrx_word' id='word_1_130' title='bbox 1206 2568 1463 2671; x_wconf 25' lang='lat' dir='ltr'>&#39;omnia</span> <span class='ocrx_word' id='word_1_131' title='bbox 1498 2621 1522 2657; x_wconf 84' lang='lat'>,</span> <span class='ocrx_word' id='word_1_132' title='bbox 1602 2566 1921 2642; x_wconf 88' lang='lat' dir='ltr'>festinare</span> <span class='ocrx_word' id='word_1_133' title='bbox 1960 2623 1984 2660; x_wconf 99' lang='lat'>,</span> <span class='ocrx_word' id='word_1_134' title='bbox 2054 2594 2307 2665; x_wconf 84' lang='lat' dir='ltr'>cogere</span> 
     </span>
     <span class='ocr_line' id='line_1_20' title="bbox 364 2681 2310 2789; baseline 0.001 -30"><span class='ocrx_word' id='word_1_135' title='bbox 364 2681 787 2762; x_wconf 84' lang='lat' dir='ltr'>exercitum:</span> <span class='ocrx_word' id='word_1_136' title='bbox 829 2689 1144 2764; x_wconf 85' lang='lat' dir='ltr'>civitates</span> <span class='ocrx_word' id='word_1_137' title='bbox 1175 2745 1202 2778; x_wconf 86' lang='lat'><em>‚</em></span> <span class='ocrx_word' id='word_1_138' title='bbox 1240 2715 1416 2789; x_wconf 89' lang='lat' dir='ltr'>quae</span> <span class='ocrx_word' id='word_1_139' title='bbox 1448 2690 1534 2762; x_wconf 88' lang='lat' dir='ltr'>ab</span> <span class='ocrx_word' id='word_1_140' title='bbox 1577 2687 1644 2767; x_wconf 89' lang='lat' dir='ltr'>se</span> <span class='ocrx_word' id='word_1_141' title='bbox 1687 2689 2121 2782; x_wconf 83' lang='lat' dir='ltr'>defecerant,</span> <span class='ocrx_word' id='word_1_142' title='bbox 2160 2690 2310 2762; x_wconf 89' lang='lat' dir='ltr'>for-</span> 
     </span>
     <span class='ocr_line' id='line_1_21' title="bbox 280 2803 2310 2910; baseline 0 -28"><span class='ocrx_word' id='word_1_143' title='bbox 280 2803 287 2810; x_wconf 69' lang='grc'>’</span> <span class='ocrx_word' id='word_1_144' title='bbox 365 2808 661 2899; x_wconf 80' lang='lat' dir='ltr'>midine,</span> <span class='ocrx_word' id='word_1_145' title='bbox 704 2826 825 2883; x_wconf 88' lang='lat' dir='ltr'>aut</span> <span class='ocrx_word' id='word_1_146' title='bbox 874 2807 1287 2883; x_wconf 86' lang='lat' dir='ltr'>ostentando</span> <span class='ocrx_word' id='word_1_147' title='bbox 1350 2813 1656 2910; x_wconf 90' lang='lat' dir='ltr'>praemia</span> <span class='ocrx_word' id='word_1_148' title='bbox 1693 2811 2080 2887; x_wconf 70' lang='grc' dir='ltr'>εᾶῖεᾶειτε.</span> <span class='ocrx_word' id='word_1_149' title='bbox 2125 2838 2310 2886; x_wconf 89' lang='lat' dir='ltr'>com-</span> 
     </span>
     <span class='ocr_line' id='line_1_22' title="bbox 365 2929 2315 3057; baseline 0.001 -53"><span class='ocrx_word' id='word_1_150' title='bbox 365 2931 638 3004; x_wconf 89' lang='lat' dir='ltr'>munire</span> <span class='ocrx_word' id='word_1_151' title='bbox 702 2929 862 3004; x_wconf 86' lang='lat' dir='ltr'>suos</span> <span class='ocrx_word' id='word_1_152' title='bbox 911 2932 1164 3024; x_wconf 87' lang='lat' dir='ltr'>locos,</span> <span class='ocrx_word' id='word_1_153' title='bbox 1211 2959 1443 3024; x_wconf 90' lang='lat' dir='ltr'>arma,</span> <span class='ocrx_word' id='word_1_154' title='bbox 1496 2935 1675 3025; x_wconf 85' lang='lat' dir='ltr'>tela,</span> <span class='ocrx_word' id='word_1_155' title='bbox 1715 2936 1899 3025; x_wconf 87' lang='lat' dir='ltr'>alia,</span> <span class='ocrx_word' id='word_1_156' title='bbox 1963 2961 2141 3035; x_wconf 88' lang='lat' dir='ltr'>quae</span> <span class='ocrx_word' id='word_1_157' title='bbox 2184 2933 2315 3057; x_wconf 68' lang='lat' dir='ltr'>[pe</span> 
     </span>
     <span class='ocr_line' id='line_1_23' title="bbox 358 3053 2309 3150; baseline 0.003 -26"><span class='ocrx_word' id='word_1_158' title='bbox 358 3053 551 3150; x_wconf 84' lang='lat' dir='ltr'>pacis</span> <span class='ocrx_word' id='word_1_159' title='bbox 586 3053 948 3145; x_wconf 86' lang='lat' dir='ltr'>amiserat,</span> <span class='ocrx_word' id='word_1_160' title='bbox 1001 3053 1285 3128; x_wconf 88' lang='lat' dir='ltr'>reficere</span> <span class='ocrx_word' id='word_1_161' title='bbox 1326 3074 1448 3130; x_wconf 88' lang='lat' dir='ltr'>aut</span> <span class='ocrx_word' id='word_1_162' title='bbox 1482 3057 1935 3131; x_wconf 87' lang='lat' dir='ltr'>commercari</span> <span class='ocrx_word' id='word_1_163' title='bbox 1973 3074 1998 3106; x_wconf 81' lang='lat'><em>2</em></span> <span class='ocrx_word' id='word_1_164' title='bbox 2042 3055 2309 3130; x_wconf 88' lang='lat' dir='ltr'>:servi-</span> 
     </span>
     <span class='ocr_line' id='line_1_24' title="bbox 296 3174 2313 3280; baseline 0.001 -32"><span class='ocrx_word' id='word_1_165' title='bbox 296 3190 304 3202; x_wconf 86' lang='lat'><em>&#39;</em></span> <span class='ocrx_word' id='word_1_166' title='bbox 367 3174 467 3248; x_wconf 86' lang='lat' dir='ltr'>tia</span> <span class='ocrx_word' id='word_1_167' title='bbox 518 3174 1005 3252; x_wconf 90' lang='lat' dir='ltr'>Romanorum</span> <span class='ocrx_word' id='word_1_168' title='bbox 1076 3179 1441 3272; x_wconf 88' lang='lat' dir='ltr'>adlicere,</span> <span class='ocrx_word' id='word_1_169' title='bbox 1487 3199 1558 3255; x_wconf 90' lang='lat' dir='ltr'>et</span> <span class='ocrx_word' id='word_1_170' title='bbox 1599 3207 1719 3254; x_wconf 88' lang='lat' dir='ltr'>eos</span> <span class='ocrx_word' id='word_1_171' title='bbox 1775 3180 1955 3279; x_wconf 88' lang='lat' dir='ltr'>ipsos</span> <span class='ocrx_word' id='word_1_172' title='bbox 1985 3235 2008 3271; x_wconf 87' lang='lat'>‚</span> <span class='ocrx_word' id='word_1_173' title='bbox 2071 3183 2193 3280; x_wconf 89' lang='lat' dir='ltr'>qui</span> <span class='ocrx_word' id='word_1_174' title='bbox 2238 3181 2313 3250; x_wconf 92' lang='lat' dir='ltr'>in</span> 
     </span>
     <span class='ocr_line' id='line_1_25' title="bbox 366 3294 2314 3398; baseline 0.003 -32"><span class='ocrx_word' id='word_1_175' title='bbox 366 3294 714 3393; x_wconf 86' lang='lat' dir='ltr'>praefidiis</span> <span class='ocrx_word' id='word_1_176' title='bbox 787 3318 1026 3390; x_wconf 88' lang='lat' dir='ltr'>erant,</span> <span class='ocrx_word' id='word_1_177' title='bbox 1084 3301 1379 3398; x_wconf 89' lang='lat' dir='ltr'>pecunia</span> <span class='ocrx_word' id='word_1_178' title='bbox 1433 3320 1701 3374; x_wconf 90' lang='lat' dir='ltr'>tentare</span> <span class='ocrx_word' id='word_1_179' title='bbox 1745 3330 1763 3373; x_wconf 74' lang='grc' dir='ltr'><strong><em>ε</em></strong></span> <span class='ocrx_word' id='word_1_180' title='bbox 1807 3299 2089 3398; x_wconf 86' lang='lat' dir='ltr'>prorsus</span> <span class='ocrx_word' id='word_1_181' title='bbox 2139 3301 2314 3378; x_wconf 87' lang='lat' dir='ltr'>nihil</span> 
     </span>
     <span class='ocr_line' id='line_1_26' title="bbox 368 3418 2312 3524; baseline 0.002 -29"><span class='ocrx_word' id='word_1_182' title='bbox 368 3418 700 3495; x_wconf 68' lang='lat' dir='ltr'>intaftum</span> <span class='ocrx_word' id='word_1_183' title='bbox 721 3473 760 3511; x_wconf 64' lang='lat'>‚‚</span> <span class='ocrx_word' id='word_1_184' title='bbox 800 3445 1025 3520; x_wconf 88' lang='lat' dir='ltr'>neque</span> <span class='ocrx_word' id='word_1_185' title='bbox 1086 3425 1406 3524; x_wconf 87' lang='lat' dir='ltr'>quietum</span> <span class='ocrx_word' id='word_1_186' title='bbox 1467 3424 1610 3519; x_wconf 89' lang='lat' dir='ltr'>pati</span> <span class='ocrx_word' id='word_1_187' title='bbox 1663 3449 1681 3496; x_wconf 85' lang='grc'><strong>;</strong></span> <span class='ocrx_word' id='word_1_188' title='bbox 1733 3424 1975 3502; x_wconf 64' lang='lat' dir='ltr'>cuncta</span> <span class='ocrx_word' id='word_1_189' title='bbox 2032 3423 2312 3521; x_wconf 77' lang='lat' dir='ltr'>agitare.</span> 
     </span>
    </p>
   </div>
   <div class='ocr_carea' id='block_1_3' title="bbox 360 3599 2318 3894">
    <p class='ocr_par' dir='ltr' id='par_1_3' title="bbox 360 3599 2318 3894">
     <span class='ocr_line' id='line_1_27' title="bbox 461 3599 2318 3684; baseline 0.003 -25"><span class='ocrx_word' id='word_1_190' title='bbox 461 3622 485 3659; x_wconf 78' lang='grc' dir='ltr'><strong>ι</strong></span> <span class='ocrx_word' id='word_1_191' title='bbox 534 3601 578 3660; x_wconf 89' lang='lat' dir='ltr'>i.</span> <span class='ocrx_word' id='word_1_192' title='bbox 599 3620 648 3660; x_wconf 78' lang='lat' dir='ltr'>e.</span> <span class='ocrx_word' id='word_1_193' title='bbox 672 3599 741 3667; x_wconf 72' lang='lat' dir='ltr'>ab</span> <span class='ocrx_word' id='word_1_194' title='bbox 778 3601 1127 3682; x_wconf 84' lang='lat' dir='ltr'>imperatore</span> <span class='ocrx_word' id='word_1_195' title='bbox 1148 3599 1255 3665; x_wconf 83' lang='lat' dir='ltr'>illa</span> <span class='ocrx_word' id='word_1_196' title='bbox 1277 3643 1290 3647; x_wconf 48' lang='grc'>&gt;</span> <span class='ocrx_word' id='word_1_197' title='bbox 1417 3600 1590 3664; x_wconf 83' lang='lat' dir='ltr'>Pauci</span> <span class='ocrx_word' id='word_1_198' title='bbox 1619 3602 1676 3661; x_wconf 80' lang='lat' dir='ltr'>in</span> <span class='ocrx_word' id='word_1_199' title='bbox 1721 3603 2106 3684; x_wconf 75' lang='lat' dir='ltr'>imperatorem3</span> <span class='ocrx_word' id='word_1_200' title='bbox 2148 3603 2318 3675; x_wconf 75' lang='lat' dir='ltr'>male.</span> 
     </span>
     <span class='ocr_line' id='line_1_28' title="bbox 362 3692 2317 3795; baseline 0.004 -33"><span class='ocrx_word' id='word_1_201' title='bbox 362 3726 575 3768; x_wconf 62' lang='lat' dir='ltr'>tarum.</span> <span class='ocrx_word' id='word_1_202' title='bbox 602 3704 700 3767; x_wconf 87' lang='lat' dir='ltr'>Al.</span> <span class='ocrx_word' id='word_1_203' title='bbox 730 3709 1052 3788; x_wconf 77' lang='lat' dir='ltr'>imperatori,</span> <span class='ocrx_word' id='word_1_204' title='bbox 1076 3704 1147 3770; x_wconf 78' lang='lat' dir='ltr'>al.</span> <span class='ocrx_word' id='word_1_205' title='bbox 1175 3707 1281 3767; x_wconf 85' lang='lat' dir='ltr'>im·-</span> <span class='ocrx_word' id='word_1_206' title='bbox 1473 3731 1504 3765; x_wconf 88' lang='lat'><em>2</em></span> <span class='ocrx_word' id='word_1_207' title='bbox 1526 3706 1581 3766; x_wconf 86' lang='lat' dir='ltr'>h.</span> <span class='ocrx_word' id='word_1_208' title='bbox 1605 3728 1656 3767; x_wconf 90' lang='lat' dir='ltr'>e.</span> <span class='ocrx_word' id='word_1_209' title='bbox 1681 3709 1926 3768; x_wconf 88' lang='lat' dir='ltr'>emendo</span> <span class='ocrx_word' id='word_1_210' title='bbox 1953 3692 2317 3795; x_wconf 21' lang='lat' dir='ltr'>conquire—re,</span> 
     </span>
     <span class='ocr_line' id='line_1_29' title="bbox 360 3808 1996 3894; baseline 0.004 -24"><span class='ocrx_word' id='word_1_211' title='bbox 360 3828 600 3894; x_wconf 77' lang='lat' dir='ltr'>peratore</span> <span class='ocrx_word' id='word_1_212' title='bbox 620 3853 645 3886; x_wconf 85' lang='lat'>,</span> <span class='ocrx_word' id='word_1_213' title='bbox 694 3808 767 3877; x_wconf 85' lang='lat' dir='ltr'>al.</span> <span class='ocrx_word' id='word_1_214' title='bbox 832 3813 901 3872; x_wconf 85' lang='lat' dir='ltr'>ab</span> <span class='ocrx_word' id='word_1_215' title='bbox 956 3813 1283 3894; x_wconf 61' lang='lat' dir='ltr'>imperatore.</span> <span class='ocrx_word' id='word_1_216' title='bbox 1408 3816 1656 3880; x_wconf 80' lang='lat' dir='ltr'>maxime</span> <span class='ocrx_word' id='word_1_217' title='bbox 1676 3816 1996 3878; x_wconf 75' lang='lat' dir='ltr'>&#39;annonam-</span> 
     </span>
    </p>
   </div>
  </div>
 </body>
</html>
