2787 4602
464 278 620 418 ’ω
1095 328 1872 418 εΑιιυετῙῐ

416 529 431 545 2
519 524 661 601 que
712 488 993 573 faceret.
1049 500 1252 590 Scio,
1303 498 1500 573 fuiffe
1550 499 1963 591 nonnullos,
2000 493 2123 601 qui
2152 493 2259 592 ‚ita
2300 490 2458 578 aest*

378 642 399 703 -'.
524 640 871 696 tumarent
903 672 927 711 ‚
986 622 1427 722 iuventutem
1455 676 1479 712 ‚
1537 647 1716 722 quae
1775 622 2062 697 domum
2115 623 2455 701 Catilinae
2492 688 2496 693 .

521 744 1004 844 frequentabat
1022 786 1046 835 -,
1091 769 1333 841 parum
1383 740 1670 817 honeste
1727 744 2128 842 pudicitiam
2178 741 2456 847 habuis*-

525 864 642 953 se;
712 864 831 940 sed
887 888 974 938 ex
1034 866 1181 939 aliis
1247 864 1454 941 rebus
1506 868 1754 966 magis,
1817 890 2028 967 quam
2068 868 2262 968 quod
2309 868 2458 940 cui-⁵

387 999 480 1082 «ις
525 1009 734 1089 quam
769 1004 1210 1084 compertum
1263 985 1487 1078 foret,
1534 989 1705 1063 haec
1745 989 1924 1066 fama
1971 982 2272 1065 valebat.
2314 989 2457 1068 Iam

523 1110 824 1211 primum
877 1100 1272 1183 adolescens
1328 1109 1630 1185 Catilina
1697 1112 1918 1185 multa
1964 1110 2260 1189 nefanda
2318 1109 2459 1184 stu«-

470 1302 473 1303 γ
520 1256 651 1333 pra
695 1231 951 1306 fece-rat
980 1284 1005 1322 ‚
1046 1256 1206 1305 cum
1260 1231 1533 1329 virgine
1582 1226 1854 1323 nobili,
1901 1257 2060 1308 cum
2103 1234 2460 1309 sacerdote

524 1352 775 1431 vestae
801 1406 825 1445 ‚
897 1355 1029 1428 alia
1094 1350 1576 1428 huiuscemodi
1646 1374 1894 1429 contra
1954 1363 1975 1398 ¹
2035 1357 2142 1430 ius
2196 1356 2463 1456 fasque.

518 1475 882 1552 Postremo
923 1492 1163 1573 captus
1202 1501 1441 1549 amore
1475 1475 1795 1550 Aureliae
1828 1472 2189 1551 Orestillae
2211 1524 2236 1569 5
2265 1479 2463 1550 cuius

519 1614 799 1695 praeter
845 1595 1139 1700 formam
1160 1650 1183 1688 ,
1228 1597 1401 1670 nihil
1450 1622 1781 1698 umquam
1831 1599 2058 1673 bonus
2085 1580 2457 1672 'laudavitt

521 1720 720 1819 quod
790 1742 872 1790 ea
944 1717 1205 1792 nubere
1254 1719 1356 1791 illi
1423 1719 1782 1795 dubitabat
1809 1776 1832 1813 ,
1911 1716 2166 1796 timens
2199 1744 2216 1759 ³
2240 1719 2461 1818 privia

521 1864 740 1940 gnum
777 1840 1010 1914 adulta
1049 1859 1322 1931 aetate3
1372 1867 1505 1940 pro
1562 1864 1759 1920 certo
1809 1845 2154 1934 creditur,
2207 1854 2466 1915 necato

521 1962 711 2053 filio,
735 1987 1029 2037 vacuam
1060 1964 1351 2035 domum
1373 1963 1664 2037 scelestis
1686 1966 1946 2062 nuptiis
1973 1962 2224 2039 fecifl'e.
2259 1965 2464 2056 Quae

414 2143 436 2157 ,
518 2087 807 2187 quidem
860 2110 968 2159 res
1006 2084 1173 2156 mihi
1229 2086 1302 2157 in
1366 2085 1603 2181 primis
1644 2087 1939 2160 'videtur
1983 2083 2209 2158 cauffa
2261 2080 2464 2156 fuiffe

520 2207 849 2286 facinoris
900 2206 1311 2281 maturandi.
1393 2207 1713 2306 Namque
1759 2207 2027 2281 animus
2080 2206 2395 2304 impurus
2434 2251 2465 2297 ,

519 2335 632 2414 dis
683 2331 1219 2429 hominibusque
1263 2327 1542 2403 infestus
1565 2384 1588 2421 ‚
1615 2367 1624 2374 ·
1647 2323 1875 2430 neque
1922 2328 2178 2428 vigiliis
2233 2347 2466 2426 neque

520 2455 876 2563 quietibus
920 2451 1135 2527 sedari
1196 2470 1525 2550 poterat:
1559 2453 1655 2526 ita
1704 2451 2125 2528 conscientia
2159 2467 2468 2556 mentem

522 2580 827 2654 excitam
881 2575 1206 2653 vastabat.
1286 2578 1501 2675 Igitur
1549 2565 1748 2651 colos
1811 2575 2163 2674 exsanguis
2190 2626 2214 2665 ‚
2274 2571 2470 2650 foedi
2516 2553 2535 2575 ⁸

520 2700 777 2792 oculi,
812 2701 989 2774 citus
1037 2700 1299 2789 modo,
1355 2699 1861 2772 modo-tardus
1891 2696 2223 2784 incessus,
2262 2717 2469 2790 pror-5·

402 2820 500 2902 216
526 2821 642 2897 sus
682 2824 756 2896 in
803 2838 832 2872 ⁸
862 2821 1034 2894 facie
1086 2837 1108 2882 ³
1145 2819 1491 2918 vultuque
1533 2817 1863 2894 vecordia
1897 2819 2140 2891 inerat.
2189 2815 2323 2889 Sed
2356 2814 2470 2886 iu·-
2500 2876 2506 2880 .

525 2963 949 3035 vetantem,
996 2967 1259 3043 quam,
1306 2958 1387 3013 ut
1442 2939 1642 3038 supra
1699 2940 2045 3029 diximus,
2094 2938 2408 3010 illexerat
2439 2983 2468 3028 ,

528 3065 767 3143 multis
802 3066 1029 3139 modis
1065 3064 1243 3137 mala
1276 3062 1585 3137 facinora
1626 3059 1985 3137 edocebat.
2034 3059 2140 3130 Ex
2184 3055 2316 3132 illis
2340 3051 2470 3131 tes-

528 3207 638 3267 tes
686 3163 1197 3288 signatoresque
1245 3185 1450 3260 filsos
1501 3184 1985 3262 commodare·
1966 3236 1989 3272 ‚
2037 3179 2281 3270 fidem,
2318 3173 2467 3252 for-'-

524 3330 733 3391 cunas
754 3367 780 3407 ,
819 3311 1127 3411 pericula
1167 3309 1336 3388 vilia
1369 3310 1656 3398 habere3
1690 3306 1887 3408 post,
1922 3306 2044 3383 ubi
2079 3318 2327 3382 eorum
2358 3301 2468 3379 fa·-

526 3541 536 3574 ;
613 3601 642 3644 1
677 3580 774 3642 Ius
787 3582 861 3645 ad
894 3597 992 3645 res
1016 3581 1333 3643 humanas·
1317 3572 1445 3657 ,sas
1558 3591 1713 3657 quae
1740 3585 2004 3672 apparet.

526 3673 619 3786 ad
653 3706 748 3752 res
786 3689 1015 3752 divinas
1054 3683 1326 3749 refertur.
1626 3701 1659 3766 3
1704 3667 1929 3756 Habitu
1964 3676 2090 3742 oris
2118 3665 2470 3742 adventitio·

513 3853 517 3858 .
603 3811 645 3865 3
689 3777 859 3860 Tota
887 3792 1081 3878 specie
1125 3790 1451 3877 corporis,
