2787 4602
905 277 1774 409 xuouaTnffi
1905 374 2090 435 ,Α
2260 334 2352 436 η

427 490 681 593 quibus
730 516 858 589 per
897 474 1211 566 fraudem
1247 494 1353 567 ius
1390 494 1525 566 fuit
1559 507 1579 540 ¹
1618 550 1642 587 ,
1678 494 1815 568 tuti
1846 549 1870 584 ,
1922 512 2044 569 aut
2082 486 2354 570 eo'ma-

426 618 528 719 gis
562 616 831 689 honesti
860 615 1039 689 sunt.
1092 619 1272 689 Nam
1300 617 1376 689 vi
1418 618 1698 715 quidem
1739 643 1988 715 regere
2019 620 2305 714 patriam
2331 671 2356 711 ,

307 732 315 740 ’
429 758 550 811 aut
596 756 914 836 par-entes
964 756 989 788 ²
1016 793 1039 830 ,
1086 764 1507 837 quamquam
1554 758 1642 813 -et
1696 740 1947 837 postis,
1991 758 2063 821 et
2113 737 2358 814 de‘liaa
2415 744 2418 751 ⁴

422 863 728 959 corrigas
755 916 779 960 ‚
812 880 1045 934 tamen
1083 862 1567 957 importunum
1611 861 1749 934 est:
1790 887 2007 962 quum
2051 863 2356 959 praeser-

293 1009 302 1015 ·
419 985 549 1057 tim
597 1009 840 1058 omnes
905 1010 1134 1057 rerum
1197 983 1621 1060 mutationes
1680 987 2007 1071 caedem,
2068 984 2300 1084 fugam
2328 1040 2355 1077 ‚

421 1110 692 1207 aliaque
742 1107 1014 1180 hostilia
1083 1106 1508 1205 portendant
1528 1133 1552 1192 ;
1604 1105 1849 1180 frustra
1902 1126 2134 1183 autem
2183 1109 2355 1200 niti,

380 1232 387 1239 ’
415 1257 646 1329 neque
678 1231 865 1303 aliud
901 1230 1254 1328 fatigando
1278 1283 1302 1319 ‚
1334 1228 1458 1301 nist
1494 1228 1738 1301 odium
1757 1282 1781 1319 ‚
1822 1256 2151 1328 quaerere
2180 1286 2202 1321 ,
2233 1258 2355 1304 ex-

417 1369 679 1425 tremae
715 1352 1104 1426 dementiae
1159 1349 1278 1431 est.
1353 1350 1477 1423 nisi
1518 1349 1704 1423 forte
1738 1377 1948 1450 quem
1991 1353 2354 1427 inhonesta

418 1491 490 1544 et
531 1470 918 1570 perniciosa
965 1470 1209 1545 lubido
1259 1490 1499 1562 tenet,
1559 1475 1917 1569 potentiae
1961 1500 2348 1572 paucorum

351 1627 356 1633 ·
415 1595 624 1669 decus
662 1580 872 1695 atque
918 1595 1310 1668 libertatem
1347 1593 1539 1667 suam
1584 1593 1972 1692 gratificari.
2017 1598 2349 1669 Ceterum
2379 1629 2428 1694 4

419 1742 508 1788 ex
565 1718 713 1790 aliis
778 1717 1074 1813 negotiis
1097 1769 1121 1804 ‚
1182 1730 1360 1812 quae
1421 1717 1702 1812 ingenio
1759 1736 2170 1801 exercentur
2200 1772 2222 1807 ,
2277 1720 2353 1790 in

417 1838 659 1937 primis
695 1862 953 1934 magno
993 1836 1147 1909 usui
1194 1834 1292 1908 est
1323 1837 1662 1908 memoria
1701 1860 1934 1910 rerum
1965 1835 2302 1933 gestarum
2328 1866 2351 1911 ε

396 1962 612 2038 'cuius
640 1943 751 2032 ⁴de
795 1960 1061 2033 virtute
1119 1957 1284 2055 quia
1330 1956 1537 2029 multi
1580 1956 1859 2047 dixere,
1897 1977 2351 2055 praetereun—

414 2084 581 2171 dum
625 2099 843 2178 puto;
905 2079 1143 2167 timul,
1195 2103 1284 2151 ne
1335 2103 1462 2175 per
1508 2077 1946 2161 insolentiam
2000 2083 2151 2180 quis
2205 2085 2358 2157 exi·-

410 2204 662 2278 :stumet
692 2258 716 2294 ‚
774 2187 1072 2293 metiret,
1119 2205 1420 2276 studium
1457 2223 1478 2267 ³
1514 2229 1746 2275 meum
1796 2204 2143 2278 laudando
2169 2260 2192 2295 ,
2230 2231 2354 2278 ex«-
2406 2240 2413 2247 ·

412 2330 686 2404 tollere.
747 2331 983 2427 Atque
1019 2353 1152 2431 ego
1199 2330 1413 2402 credo
1448 2328 1642 2419 fore,
1692 2330 1849 2427 qui,
1894 2329 2057 2426 quia
2104 2331 2349 2408 decre-

409 2453 487 2524 vi
545 2450 795 2547 procul
833 2476 872 2521 a
913 2449 1270 2546 republica
1303 2467 1601 2530 aetatem
1621 2432 1626 2438 ’
1649 2475 1886 2546 agere,
1939 2468 2139 2524 tanto
2170 2472 2349 2526 tam—-

409 2574 751 2684 que-utili
796 2571 1023 2644 labori
1079 2593 1241 2643 meo
1295 2595 1555 2642 nomen
1597 2571 1883 2642 inertiae
1933 2561 2296 2669 imponant
2324 2599 2346 2642 z

412 2716 640 2787 certe,
683 2697 935 2796 quibus
981 2720 1302 2767 maxuma
1342 2692 1671 2766 industria
1707 2695 2028 2792 videtur,
2056 2692 2348 2766 salutare

410 2821 730 2919 plebem,
783 2838 853 2893 et
902 2819 1250 2894 conviviis
1305 2812 1592 2915 gratiam
1646 2812 2005 2915 q'uaerere.
2108 2815 2255 2908 Qui
2298 2814 2348 2885 fi

386 2942 928 3037 -r-eputaverint‚
997 2959 1067 3014 et
1138 2940 1389 3039 quibus
1451 2965 1583 3037 ego
1643 2926 2074 3037 temporibus
2132 2940 2350 3034 magi-

413 3059 660 3145 stratus
719 3063 1007 3156 adeptus
1067 3055 1216 3129 sum
1242 3110 1266 3144 ‚
1327 3077 1400 3132 et
1479 3062 1714 3160 quales
1771 3063 1908 3136 viri
1984 3060 2168 3132 idem
2226 3061 2348 3131 ad-

416 3176 610 3275 sequi
632 3178 1074 3277 nequiverint
1087 3232 1114 3280 2
1141 3182 1219 3251 &
1235 3180 1475 3290 postea
1503 3208 1679 3281 quae
1711 3206 1965 3292 genera
1979 3182 2346 3253 hominum

491 3491 519 3545 1
562 3472 677 3533 I'nt·
711 3472 937 3545 Ῐὶθῑῑθῗὶῐο,
1430 3479 1617 3551 Struv.
1657 3479 1755 3541 ubi
1812 3476 2008 3536 locum
2041 3491 2215 3532 mutat
2243 3517 2258 3543 ‚
2290 3479 2346 3532 δε
2413 3489 2416 3508 *

417 3569 420 3574 ’
487 3601 520 3637 2
597 3576 638 3639 fi
692 3578 1081 3655 obedientes,
1169 3605 1316 3668 quos
1442 3586 1640 3647 Guelf.
1687 3597 1719 3648 6
1765 3595 1819 3646 &
1865 3609 1926 3644 12
1984 3580 2130 3643 delet
2156 3627 2174 3654 ‚
2199 3569 2349 3639 haud
2445 3589 2455 3657 J

406 3682 584 3768 vulgo
629 3685 885 3757 subditos
928 3709 1153 3750 vocant.
1369 3741 1375 3756 .
1435 3696 1601 3784 prob.
1629 3693 2007 3775 Hottingem.

492 3799 519 3873 '3
555 3797 743 3867 Meum
780 3788 948 3868 Cort-=
993 3798 1332 3866 austeritate
1372 3847 1379 3854 .
