2787 4602
530 381 701 457 x143
1095 350 1954 430 ςΑιιυετιι

557 545 716 593 cum
765 519 1099 593 Romanis
1151 517 1382 606 fieret,
1415 516 1557 617 ipse
1581 542 1709 617 per
1744 508 2183 592 conditiones
2209 516 2298 591 ad
2321 514 2479 614 sup-

418 644 523 720 62
556 643 840 740 plicium
867 624 1278 715 traderetur.
1308 643 1371 715 Is
1395 693 1420 732 ,
1456 640 1576 713 ubi
1621 641 1923 738 primum
1962 658 2481 737 opportunum,

429 745 432 748 ⁴
554 766 955 863 Iugurtham
1016 763 1301 839 anxium
1343 789 1424 838 ac
1479 762 1915 836 miserantem
1971 761 2287 835 fortunas
2335 760 2481 834 suas

551 889 869 962 accedit:
920 906 1164 962 monet
1203 905 1415 986 atque
1469 886 1852 960 lacrumans
1896 884 2316 974 obtestatur,
2380 883 2483 957 uti

511 1010 930 1111 ‘aliquando
996 1011 1119 1085 fibi
1179 1007 1547 1109 liberisque
1611 1026 1684 1082 et
1736 1008 1931 1107 genti
1981 1008 2484 1094 Numidarum,

559 1153 853 1232 optume
920 1110 1265 1222 merenti,
1326 1131 1698 1230 provideat
1755 1155 1775 1200 z
1828 1130 2151 1203 omnibus
2213 1126 2487 1223 praeliis

561 1255 699 1331 sese
771 1257 1036 1348 vietos,
1111 1281 1352 1355 agrum
1418 1255 1798 1347 vastatum,
1848 1254 2108 1329 multos
2169 1252 2483 1327 mortalis

557 1398 802 1477 captos
845 1397 966 1451 aut
1004 1377 1306 1470 occisos,
1341 1379 1537 1476 regni
1577 1400 1748 1476 opes
1795 1377 2253 1451 comminutas
2306 1375 2489 1447 effe-2

557 1500 714 1573 satis
757 1499 954 1599 saepe
994 1501 1131 1572 iam
1186 1502 1264 1572 &
1328 1499 1667 1571 virtutem
1727 1498 2029 1570 militum
2054 1552 2078 1588 ‚
2127 1501 2205 1570 &
2259 1497 2492 1597 fortu-

553 1647 719 1694 nam
762 1638 1097 1694 tentatam
1143 1645 1160 1690 z
1199 1638 1522 1712 caveret,
1569 1645 1657 1695 ne
1680 1674 1703 1712 ‚
1737 1620 1862 1694 illo
1902 1622 2266 1695 canstante
2297 1674 2320 1711 ,
2346 1623 2493 1695 Nu·

555 1744 783 1817 midae
833 1745 958 1818 fibi
1021 1742 1405 1818 consulant.
1453 1746 1577 1818 His
1637 1762 1850 1844 atque
1913 1713 2164 1818 talibus
2210 1738 2358 1817 aliis
2406 1742 2493 1816 ad
2529 1822 2532 1825 ,

552 1869 1004 1943 deditionem
1037 1870 1214 1967 regis
1250 1870 1556 1943 animum
1610 1868 1928 1969 impellit.
1970 1869 2348 1939 Mittuntur
2408 1860 2497 1937 ad

450 1978 453 1981 ’
558 1989 1058 2086 imperatorem
1110 1990 1317 2086 legati
1361 2018 1379 2060 ι
1431 1991 1833 2086 Iugurtham
1859 2009 1878 2040 ¹
1924 1990 2260 2084 imperata
2279 1987 2501 2059 fastu-

563 2132 721 2183 rum
742 2165 765 2201 ,
793 2137 872 2183 ac
914 2110 1052 2183 fine
1081 2110 1223 2194 ulla
1254 2111 1571 2206 pastione
1628 2108 1766 2183 sese
1814 2134 2249 2210 regnumque
2274 2111 2500 2187 'suum

563 2234 639 2307 in
673 2234 855 2308 illius
910 2233 1118 2306 fidem
1173 2232 1468 2311 tradere.
1513 2228 1837 2312 Metellus
1884 2258 2183 2334 propere
2211 2233 2502 2307 cunitos

534 2357 908 2429 ,Senatorii
944 2355 1205 2430 ordinis
1254 2381 1339 2428 ex
1397 2356 1702 2430 hibernis
1752 2357 2046 2435 arceffiri
2094 2355 2336 2428 iubet:
2368 2381 2497 2429 eo-

534 2506 722 2598 (rum
758 2499 969 2579 atque
1008 2479 1304 2553 aliorum
1327 2533 1350 2570 ,
1400 2504 1580 2578 quos
1613 2477 1909 2554 idoneos
1951 2478 2283 2568 ducebat,
2332 2475 2501 2551 con·
2538 2483 2557 2506 '

560 2602 786 2675 filium
819 2602 1050 2677 habet.
1101 2606 1201 2677 Ita
1253 2630 1451 2677 more
1501 2604 1889 2693 maiorum,
1934 2623 2024 2673 ex
2060 2601 2325 2675 confilii
2373 2602 2498 2674 de·-

561 2744 761 2799 creto
787 2779 811 2816 ,
891 2752 1017 2823 per
1072 2727 1339 2825 legatos
1424 2705 1790 2825 Iugurthae
1869 2726 2172 2822 imperat·
2231 2722 2500 2819 argenti

562 2847 809 2947 pondo
854 2850 1154 2922 ducenta
1204 2850 1453 2939 millia,
1523 2837 1930 2945 elephantos
1975 2846 2237 2934 omnis,
2282 2868 2497 2941 equo.-

565 2992 721 3074 rum
782 2986 851 3040 et
922 2993 1276 3041 armorum
1337 2972 1789 3068 aliquantum.
1859 2971 2083 3061 Quae}
2128 2967 2497 3068 postquam

564 3083 705 3163 fine
744 3115 942 3163 mora
979 3081 1151 3162 faEia
1201 3088 1356 3164 sun't
1385 3145 1410 3181 ‚
1458 3091 1650 3163 iubet
1679 3091 1904 3172 omnis
1935 3089 2253 3189 perfugas
2288 3094 2496 3166 vinc-

567 3230 682 3318 tos
704 3275 712 3286 .
733 3213 1003 3287 adduci.
1061 3239 1307 3286 eorum
1356 3237 1597 3310 magna
1656 3237 1854 3316 pars,
1882 3231 1960 3284 ut
2010 3213 2260 3289 i'uss'um
2312 3233 2496 3304 erat,

571 3335 844 3409 adduffi
874 3362 900 3442 y:
949 3337 1197 3435 pauci,
1242 3363 1403 3411 cum
1458 3315 1760 3435 primum
1812 3337 2076 3411 deditio
2111 3339 2381 3435 coepit,
2408 3337 2495 3410 ad

973 3507 1001 3540 ἱ

638 3648 664 3688 1
695 3625 877 3711 Vulg.
911 3629 1008 3690 hic
1047 3630 1298 3692 inserunt
1336 3633 1429 3713 qui
1455 3677 1475 3706 ‚
1598 3605 1669 3730 ab
1702 3631 1889 3694 aliena
1917 3652 2092 3694 manu
2121 3629 2310 3695 illatas
2328 3674 2348 3705 ,
2391 3628 2497 3689 de·-

573 3742 630 3830 3t
657 3736 788 3815 post
809 3732 1073 3813 fhblurum
1101 3738 1314 3798 addunt
1353 3740 1490 3799 dice-
1608 3737 1689 3803 let
1726 3738 1893 3802 Cort-

568 3834 714 3922 tent,
764 3841 902 3931 quas
941 3841 1132 3904 ambas
1166 3843 1335 3910 voces
1357 3888 1377 3922 ‚
1418 3862 1479 3911 ut
1567 3901 1576 3910 ,
