2787 4602
912 319 1760 397 IUGURTHA.
2034 328 2039 337 ‘
2267 341 2401 417 ¹03

463 487 689 561 omnis
732 486 1027 584 puberes
1072 483 1406 557 Numidas
1448 501 1519 555 et
1566 482 2037 580 negotiatores
2106 479 2407 577 promis-

459 634 636 698 cue,
655 607 760 680 uti
784 602 1071 706 quisque
1111 621 1130 654 ¹
1158 622 1456 676 armatus
1487 603 1778 693 obvius,
1798 600 2166 695 interfecit.
2187 602 2408 699 Quod
2440 619 2532 691 27
2608 692 2613 698 ι

458 728 826 828 postquam
868 718 1137 800 Romae
1200 724 1561 824 cognitum
1591 742 1663 797 et
1708 748 1816 797 res
1848 725 1921 796 in
1970 725 2227 797 Senatu
2262 724 2409 821 agi·-

457 851 591 922 tari
638 866 888 946 coepta
916 902 939 938 ‚
980 847 1160 921 idem
1197 847 1299 920 illi
1330 845 1622 923 ministri
1653 847 1861 944 Regis
1892 845 2402 945 interpellando

455 969 763 1069 ⁵acsaepe
793 969 1048 1068 gratia,
1073 969 1422 1043 interdum
1445 968 1679 1067 iurgiis
1712 967 2053 1042 trahendo
2087 986 2399 1065 tempus,

452 1094 897 1169 atrocitatem
937 1091 1093 1176 faeti
1146 1091 1518 1165 leniebant.
1557 1094 1660 1179 Ac
1723 1091 1795 1163 ni
1840 1091 1925 1162 C.
1973 1091 2344 1167 Memmius
2369 1143 2395 1182 ,

449 1211 769 1293 tribunus
810 1214 1030 1312 plebis
1096 1213 1526 1309 designatus,
1579 1212 1691 1287 vir
1753 1237 1911 1285 acer
1977 1228 2048 1282 et
2115 1209 2399 1293 infestus

449 1338 808 1436 potentiae
847 1335 1236 1431 ‘nobilitatis
1266 1389 1294 1424 ,
1337 1334 1682 1431 populum
1749 1335 2149 1407 Romanum
2221 1334 2395 1406 edo·-

451 1459 691 1541 cuiffet
722 1512 746 1549 ‚
777 1458 881 1531 ID
924 1459 1087 1529 AGI
1112 1511 1135 1546 ,
1187 1458 1350 1529 UTI
1391 1457 1565 1528 PER
1605 1455 1975 1529 PAUCOS
2011 1454 2392 1531 FACTIO-

449 1571 613 1663 ‚SOS
679 1579 1239 1657 IUGURTHAE
1325 1575 1662 1652 SCELUS
1747 1576 2395 1675 CONDONARE-

449 1703 690 1792 TUR,
726 1700 1042 1797 profecto
1074 1702 1305 1774 omnis
1345 1700 1607 1771 invidia
1651 1699 2083 1795 prolatandis
2116 1697 2395 1772 consul-

450 1810 831 1920 tationibus
858 1816 1113 1916 dilapsa
1142 1838 1311 1892 erat.
1361 1836 1555 1891 tanta
1584 1819 1705 1907 ‘vis
1733 1820 1991 1915 gratiae
2026 1838 2235 1918 atque
2265 1846 2389 1918 pe-

447 1945 690 2025 cuniae
741 1942 970 2040 Regis,
1010 1942 1144 2015 Sed
1194 1940 1316 2013 ubi
1362 1943 1651 2014 Senatus
1693 1940 1922 2013 delicti
1968 1939 2393 2019 conscientia

446 2065 1067 2166 populumitimen
1103 2063 1260 2163 dlege
1310 2063 1718 2158 Sempronia
1755 2081 1782 2114 ²
1815 2064 2219 2161 provinciae
2274 2064 2389 2137 fu-

444 2186 618 2263 turis
654 2183 1128 2275 Consulibus5
1174 2184 1502 2257 Numidia
1558 2203 1766 2283 atque
1796 2185 1989 2260 Italia
2029 2188 2388 2263 decretae:

448 2306 787 2379 Consules
828 2307 1263 2380 declarantur
1293 2310 1366 2383 P.
1418 2309 1649 2406 Scipio
1704 2311 1990 2403 Nafica‚
2042 2315 2118 2385 L.
2174 2311 2392 2386 Bestia

450 2413 865 2527 Calpurnius
880 2456 909 2516 -3
948 2428 1330 2528 Calpurnio
1403 2433 1731 2526 Numidia
1754 2437 1803 2522 ,f
1833 2434 2146 2530 Scipioni
2198 2434 2391 2512 Italia
2511 2436 2515 2440 ’

450 2550 770 2624 obvenit.
820 2551 1068 2622 deinde
1116 2552 1500 2642 exercitus,
1552 2554 1673 2649 qui
1701 2555 1773 2623 in
1819 2553 2123 2627 Africam
2162 2573 2393 2653 porta-

456 2690 699 2763 retur,
750 2671 1074 2756 scribitur
1116 2701 1136 2745 :
1190 2671 1602 2770 stipendium
1641 2727 1663 2763 ‚
1698 2673 1827 2745 alia
1867 2728 1891 2765 ‚
1956 2700 2133 2772 quae
2201 2674 2391 2748 bello

447 2790 602 2893 usui
669 2788 905 2866 forent
932 2851 956 2888 ‚
1037 2796 1528 2869 decernuntur.
1610 2800 1703 2868 At
1764 2799 2133 2895 Iugurtha,
2214 2823 2389 2871 con·
2423 2806 2510 2883 28
2629 2856 2632 2859 -

447 2930 557 2985 tra
640 2911 828 3010 spem
901 2918 1164 2990 nuncio
1228 2933 1562 3019 accept0‚
1603 2919 1860 3016 quippe
1925 2921 2082 3013 cui,
2121 2922 2392 3012 Romae

446 3035 683 3105 omnia
729 3062 990 3111 venum
1062 3039 1207 3130 ire,
1259 3039 1332 3112 in
1398 3040 1632 3114 animo
1677 3041 2032 3131 haeserat3
2064 3041 2284 3117 filium
2320 3063 2393 3119 et

550 3247 577 3286 1
681 3228 846 3325 Cort.
911 3236 1127 3295 armatis
1192 3234 1361 3295 MSS.
1481 3243 1562 3302 tia
1643 3243 1963 3334 consulari-a
2034 3248 2391 3331 designandis

441 3329 574 3398 fide.
604 3332 749 3405 Non
768 3338 924 3407 enim
946 3381 962 3410 ‚
981 3340 1203 3422 inquit,
1231 3361 1365 3398 om-
1886 3329 1889 3330 ⁷

752 3441 763 3451 .
1478 3370 1802 3434 consulibus
1824 3377 2159 3458 provinciae
2196 3377 2391 3439 decet-
2428 3409 2431 3410 ⁷
2468 3347 2489 3392 ἒ

446 3460 550 3499 nes
583 3438 870 3499 Numidae
883 3462 1109 3526 ,neque
1157 3466 1362 3504 omnes

435 3546 842 3627 'negotiatores
879 3550 1079 3608 armati
1114 3548 1359 3609 fuerunt.
1479 3519 1751 3563 nerentur
1785 3506 1923 3566 duae
1950 3552 1966 3579 ²
1993 3529 2059 3565 ex
2088 3527 2255 3598 omni
2282 3531 2391 3570 ’ω’

446 3648 570 3712 An·
600 3650 753 3709 reste
779 3649 804 3713 ?
1477 3655 1640 3696 mero
1673 3630 1912 3695 selectae
1938 3681 1954 3707 ‚
1982 3657 2125 3719 quae
2146 3614 2392 3720 propte-

336 3781 343 3787 ·
447 3749 456 3755 ’
486 3777 520 3814 2
549 3753 641 3817 Ut
670 3758 977 3842 quotannis
1018 3776 1146 3820 ante
1170 3763 1360 3821 comi-
1480 3785 1575 3825 rea
1604 3760 1904 3848 Confithr'es
1929 3765 2135 3826 dictae.
2183 3766 2391 3835 Relin·
2454 3767 2455 3770 ’

1934 3849 2103 3941 G4
