2787 4602
955 328 1000 409 1
1048 330 1121 410 U
1170 339 1239 410 G
1282 330 1355 410 U
1409 327 1498 410 R-
1524 324 1593 410 T
1635 328 1702 410 H
1751 335 1844 411 A.·
2270 351 2374 435 93?

436 519 514 575 et
539 495 891 599 Europam
926 499 1102 587 effe;
1129 497 1246 573 sed
1292 497 1607 572 Africam
1643 488 1716 573 in
1759 502 2064 596 Europa.
2092 501 2191 570 Ea
2222 497 2385 572 finis

315 672 318 681 ·
438 623 646 719 habet
681 623 767 697 ab
801 606 1187 697 Occidente
1213 622 1471 694 fretum
1496 623 1711 696 nostri
1738 624 1941 696 maris
1970 641 2041 694 et
2061 615 2327 725 Oceani
2356 636 2378 690 2
2406 667 2429 677 ο

436 745 522 818 ab
581 728 745 818 ortu
776 738 937 819 solis
971 746 1314 818 declivem
1356 738 1797 818 latitudinem
1847 773 1862 818 :
1895 765 2102 843 quem
2139 744 2377 817 locum

435 868 951 941 Catabathmon
1005 868 1276 941 incolae
1342 868 1712 964 adpellant.
1775 870 1968 939 Mare
2038 864 2322 939 saevum
2349 910 2379 956 ,

433 987 947 1086 importuosum
981 1000 1038 1077 ¹3
1060 1016 1222 1089 ager
1248 988 1529 1086 frugum
1549 989 1818 1080 fertilis,
1843 988 2070 1060 bonus
2094 988 2378 1085 pecori,-

434 1112 670 1185 arbori
717 1111 1125 1186 infecundus
1176 1139 1194 1182 ε
1245 1112 1453 1189 coelo
1470 1165 1498 1202 ᾗ,
1562 1129 1746 1183 terra
1813 1112 2102 1208 penuria
2156 1137 2374 1209 aqua-

432 1255 612 1307 rum.
671 1237 908 1307 Genus
957 1235 1324 1309 hominum
1381 1232 1633 1306 salubri
1688 1234 1988 1331 corpore
2021 1282 2046 1323 ‚
2076 1232 2320 1324 >velox
2343 1287 2373 1323 ‚

431 1357 696 1454 patiens
731 1356 1053 1429 laborum
1081 1383 1099 1427 ε
1147 1346 1518 1454 plerosque
1550 1354 1855 1428 senectus
1884 1355 2226 1446 dissolvit,
2246 1348 2372 1427 n'ifi

430 1478 554 1576 qui
602 1476 790 1551 ferro
829 1495 951 1552 aut
982 1476 1209 1550 bestiis
1229 1460 1567 1551 *interiere
1617 1503 1635 1549 ε
1667 1505 1826 1550 nam
1860 1477 2148 1552 morbus
2183 1473 2374 1552 haud

427 1599 627 1697 saepe
669 1625 1090 1700 quemquam
1134 1599 1432 1697 superat.
1461 1601 1572 1672 Ad
1599 1600 1738 1675 hoc
1764 1599 2061 1673 malefici
2098 1597 2371 1696 generis

367 1733 372 1737 '
428 1722 726 1817 plurima
758 1722 1096 1795 animalia»
1133 1723 1265 1793 Sed
1299 1724 1424 1819 qui
1463 1725 1790 1796 mortales
1819 1723 2022 1796 initio
2060 1719 2369 1793 Africam

428 1835 833 1932 habuerint,
862 1843 1122 1941 quique
1140 1840 1376 1939 postea
1397 1845 1793 1917 accesserint
1812 1898 1836 1938 ‚
1853 1862 1974 1917 aut
1996 1844 2367 1942 quomodo

277 1978 290 1985 ’
366 1964 403 1980 ‘
426 1962 611 2047 inter
650 1962 718 2036 se
755 1965 1081 2061 permixti
1124 1962 1254 2036 smt
1319 1994 1337 2038 ε
1384 1991 1808 2064 quamquam
1871 1966 1957 2039 ab
2012 1989 2094 2038 ea
2145 1963 2366 2054 fama,

423 2074 605 2184 quae
652 2085 1019 2185 plerosque
1061 2082 1379 2180 obtinet,
1411 2087 1761 2162 diversum
1803 2087 1899 2160 est
1932 2082 1959 2158 *z
1990 2105 2225 2177 tamen
2256 2086 2367 2161 uti

426 2232 515 2279 ex
550 2208 740 2282 libris
774 2210 1083 2301 Punicis,
1118 2214 1238 2310 qui
1275 2213 1453 2309 regis
1484 2210 1889 2310 Hiempsalis
1912 2211 2364 2300 dicebantur,

396 2312 956 2427 'interpretatum
1006 2335 1208 2408 nobis
1261 2329 1396 2421 est;
1443 2338 1686 2436 utique
1732 2351 1879 2412 rem
1932 2334 2069 2409 sese
2107 2334 2365 2406 habere

425 2453 733 2525 cultores
806 2456 950 2526 eius
1009 2435 1231 2530 terr‘ae
1315 2467 1606 2551 putant3
1671 2475 1880 2556 quam
1927 2458 2366 2556 paucissumis
2432 2457 2463 2500 ⁴

422 2574 671 2648 dicam.
708 2576 1039 2648 Ceterum
1073 2575 1241 2648 fides
1272 2577 1418 2649 eius
1448 2575 1555 2650 rei
1582 2601 1793 2673 penes
1843 2582 2154 2652 auctores
2206 2580 2363 2653 erit.

429 2697 739 2771 Africam
759 2699 961 2770 initio
1003 2697 1309 2771 habuere
1331 2699 1614 2771 Gaetuli
1643 2714 1713 2772 et
1754 2690 2056 2801 Libyes,-
2094 2702 2312 2799 asperi
2334 2727 2371 2793 ,⁸
2398 2697 2482 2770 18

422 2815 884 2918 inculti;quis
916 2814 1107 2893 cibus
1147 2840 1293 2902 erat
1332 2846 1496 2894 caro
1534 2819 1751 2896 ferina
1787 2843 1998 2924 atque
2022 2824 2217 2898 humi
2247 2850 2363 2920 pa·
2386 2807 2403 2816 l

422 2940 710 3034 bulum,
747 2943 850 3015 uti
908 2945 1301 3042 pecoribus,
1353 2947 1444 3018 Hi
1490 2967 1716 3046 neque
1750 2949 2104 3040 moribus,
2127 2975 2359 3048 neque

428 3065 580 3160 lege
613 3120 637 3157 ,
670 3092 897 3165 neque
927 3057 1226 3165 imperio
1249 3068 1654 3168 cuiusquam
1681 3073 2094 3171 regebantur
2117 3091 2136 3144 τ’
2159 3072 2358 3169 vagi,

413 3189 744 3288 ,palantes
770 3242 792 3278 ,
829 3209 855 3241 2
878 3216 1013 3288 qua
1039 3218 1186 3266 nox
1222 3196 1547 3290 coegerat
1566 3248 1589 3284 ‚
1621 3193 1808 3267 sedes
1828 3193 2196 3266 habebant.
2222 3191 2358 3265 Sed

361 3337 368 3346 ’
422 3308 790 3409 postquam
839 3310 909 3388 in
967 3313 1292 3413 Hispania
1338 3317 1717 3408 HerculeS,
1763 3317 1961 3392 ficuti
2000 3316 2151 3388 Afri
2211 3337 2348 3411 pu·-

449 3605 454 3610 ’
509 3625 535 3666 1
568 3605 749 3709 Quod
790 3606 1065 3690 procellis
1104 3609 1330 3689 expofi-
1527 3633 1561 3670 ι
1611 3608 1709 3670 Sic
1755 3617 1813 3672 δι
1861 3606 2003 3684 ΑΜ,
2051 3607 2156 3676 Al.
2177 3623 2355 3704 quasi

361 3715 365 3719 Α
419 3729 573 3786 tum,
599 3720 654 3771 δε
669 3713 733 3811 in
759 3712 958 3777 littore
983 3714 1175 3780 nullos
1192 3737 1332 3802 por·
1436 3714 1608 3796 falso..

419 3838 513 3887 tus
556 3819 746 3883 habet.
