2787 4602
833 323 1716 407 IUGURTHA.
2156 346 2295 426 127

349 486 731 574 exercitum
814 493 1270 594 sequerentur
1287 519 1323 581 ‘3
1396 518 1483 565 ne
1549 493 1763 566 miles
1810 492 2161 591 gregarius
2221 492 2299 566 in

348 620 579 716 castris
621 674 645 710 ,
706 644 887 693 neve
935 619 1009 690 in
1069 618 1340 714 agmine
1393 616 1673 689 servum
1723 636 1843 688 aut
1902 616 2305 687 iumentum

349 744 689 817 haberet:
748 741 995 816 ceteris
1033 759 1180 814 arte
1231 739 1529 812 modum
1576 736 1895 810 statuiffe.
1940 756 2301 835 praeterea

350 865 763 943 transvorfis
836 863 1202 936 itineribus
1277 862 1596 961 quotidie
1676 861 1892 935 castra
1961 882 2305 952 movere,

276 976 283 985 ’
354 987 550 1065 iuxta
580 1041 605 1075 ‚
653 1013 732 1061 ac
785 987 836 1058 fi
899 985 1132 1061 h'ostes
1178 985 1531 1074 adeffent5
1595 985 1790 1058 vallo
1862 994 2073 1083 atque
2127 980 2304 1057 foffa

358 1113 670 1202 munire,
716 1109 986 1208 vigilias
1023 1107 1295 1182 crebras
1337 1130 1603 1203 ponere
1635 1160 1658 1196 ,
1711 1123 1781 1177 et
1832 1105 1973 1203 ipse
2019 1131 2179 1180 cum
2210 1106 2307 1180 le·

358 1235 535 1333 gatis
563 1233 991 1315 circumire:
1044 1232 1213 1302 item
1244 1230 1317 1300 in
1354 1230 1627 1326 agmine
1671 1229 1742 1300 in
1770 1228 2006 1325 primis
2046 1227 2310 1320 mode,

362 1348 582 1435 modo
629 1357 704 1427 in
749 1353 1112 1451 postremis
1140 1406 1164 1443 ‚
1214 1352 1413 1450 saepe
1464 1353 1538 1424 in
1598 1351 1862 1424 medio·
1895 1347 2160 1440 adeffe,
2219 1375 2312 1424 ne

363 1479 708 1580 quispiam
755 1477 1003 1564 ordine
1047 1476 1545 1574 egrederetur,
1589 1476 1695 1547 uti
1743 1498 1902 1547 curn
1939 1465 2137 1571 fignis
2166 1471 2310 1544 fre-

363 1604 657 1700 quentes
702 1600 1106 1674 incederent
1128 1653 1152 1690 ‚
1189 1598 1385 1672 miles
1436 1598 1670 1671 cibum
1725 1616 1797 1670 et
1843 1622 2032 1671 arma
2064 1616 2313 1696 porta·-

366 1741 497 1796 ret.
538 1727 638 1795 Ita
672 1723 1115 1819 prohibendo
1174 1748 1215 1793 a
1264 1716 1553 1794 deliciis*
1583 1721 1839 1824 magis,
1898 1746 2107 1818 quam
2151 1720 2316 1793 vin-

367 1845 669 1933 dicando
692 1882 752 1933 ‚·
792 1845 1172 1915 exercitum
1235 1844 1438 1915 brevi
1494 1842 1967 1915 confirmavit.
2042 1828 2312 1912 Interea
2337 1830 2438 1920 46

369 1966 744 2065 Iugurtha,
776 1965 898 2037 ubi
921 2019 944 2056 ‚
986 1989 1167 2064 quae
1206 1964 1532 2037 Metellus
1581 1962 1825 2061 agebat
1849 2017 1872 2055 ‚
1911 1988 1999 2036 ex
2045 1961 2318 2035 nunciis

368 2090 690 2185 accepit3
727 2087 925 2161 fimul
970 2090 1056 2160 de
1117 2088 1519 2161 innocentia
1555 2089 1702 2160 eius
1744 2087 2004 2160 certior
2047 2087 2324 2158 Romae

276 2259 282 2264 -
370 2209 585 2291 faetus
626 2238 643 2285 z
692 2212 1002 2284 diffidere
1050 2210 1183 2283 suis
1222 2208 1427 2282 rebus
1462 2263 1486 2298 ‚
1530 2234 1610 2282 ac
1651 2226 1805 2281 tum
1859 2210 2143 2282 demum
2187 2228 2322 2283 ve·-

251 2361 264 2378 ·
372 2353 525 2404 ra‘m
566 2334 996 2414 deditionem
1036 2333 1262 2405 facere
1292 2350 1585 2405 conatus
1628 2332 1745 2406 est.
1799 2332 2017 2431 Igitur
2053 2311 2323 2429 legatos

373 2454 464 2525 ad
503 2453 862 2530 consulem
914 2480 1077 2526 cum
1115 2452 1474 2549 suppliciis⁸
1512 2455 1726 2525 mittit
1756 2507 1780 2544 ‚
1832 2454 1956 2553 qui
2005 2471 2324 2526 tantum·

377 2576 598 2647 modo
661 2575 784 2672 ipsi
841 2575 1216 2674 liberisque
1270 2577 1494 2648 vitam
1562 2594 1879 2670 peterent
1909 2628 1933 2665 ‚
1987 2574 2118 2646 alia
2160 2599 2329 2646 om-

377 2698 493 2772 nia
536 2699 871 2771 dederent
927 2697 1202 2795 populo
1251 2699 1603 2769 Romano,
1664 2698 1797 2769 Sed
1846 2696 2139 2769 Metello
2184 2697 2327 2773 iam

379 2839 581 2894 antea
643 2820 1138 2919 experimentis
1167 2814 1547 2915 ⁴cognitum
1599 2835 1745 2889 erat
1803 2843 2017 2916 genus
2071 2819 2333 2893 Numi-

380 2945 628 3017 darum
691 2942 1020 3032 infidum,
1088 2943 1368 3040 ingenio
1424 2941 1734 3046 mobili,
1800 2935 2148 3016 nevarum
2207 2967 2326 3015 re·-

383 3090 542 3137 rum
586 3068 890 3140 avidum.
948 3069 1189 3163 Itaque
1234 3065 1498 3161 legatos
1530 3064 1742 3136 alium
1783 3065 1871 3136 ab
1909 3064 2049 3137 alio
2078 3064 2325 3144 divor·
2428 3155 2433 3160 p

384 3185 498 3260 sos
555 3189 1001 3285 adgreditur·
985 3243 1007 3276 ‚
1073 3213 1152 3261 ac
1222 3187 1599 3306 paullatim
1666 3188 2021 3259 tentando
2039 3242 2063 3279 ,
2131 3187 2326 3286 post-
2436 3203 2439 3204 *

388 3334 598 3406 quam
651 3328 1095 3405 opportunos
1158 3310 1500 3405 cognovit
1530 3363 1552 3399 ‚
1630 3310 1849 3382 multa
1919 3310 2334 3407 pollicendo

388 3430 805 3530 persuadet,
871 3433 977 3505 uti
1040 3432 1442 3531 Iugurtham
1504 3459 1824 3540 maxume
1871 3433 2167 3524 vivum,
2226 3431 2337 3522 sm

399 3558 474 3630 id
500 3581 748 3654 parum
794 3557 1174 3652 procedat,
1228 3575 1555 3630 necatum
1595 3555 1749 3627 fibi
1754 3555 2176 3630 traderent:
2222 3581 2336 3629 εει
2412 3577 2413 3580 ’

393 3698 622 3762 terum
674 3682 961 3778 palam,
1021 3706 1195 3779 quae
1257 3707 1343 3756 ex
1411 3678 1784 3753 voluntate
1843 3677 2120 3770 forent,
2184 3678 2335 3777 regi

394 3806 710 3884 nunciati
757 3807 975 3882 iubet.
1069 3804 1350 3879 Deinde
1400 3803 1541 3903 ipse
1586 3804 1824 3900 paucis
1864 3802 2106 3878 diebus
2137 3853 2166 3896 ,
2221 3804 2337 3887 in-,
2439 3787 2447 3794 ⁶
